2628 3892
579 231 790 285 PRAEFATIO.
1077 230 1193 283 XXXIX

245 393 319 462 soll.
343 389 374 458 A
396 390 467 458 982
501 392 580 459 haee
612 392 837 458 inveniuntur:
869 391 1022 476 πεμπάζοι
1055 392 1119 476 γάρ
1152 392 1189 456 τὸ

179 501 323 587 ἀριθμῶ,
346 502 469 585 κυρίως
488 496 525 565 δὲ
548 500 585 565 τὸ
607 500 689 564 κατὰ
708 497 805 565 πέντε
823 496 920 564 πέντε
939 509 1071 583 μετρεῖν
1090 500 1192 582 μυριά

177 610 289 692 μυρία.
345 607 384 671 of.
416 607 518 673 sohol.
549 605 646 672 Hom.
674 606 695 671 (l
721 605 787 671 412
821 602 1072 691 (πεμπάσσεται)
1109 605 1192 669 κατά

177 712 276 778 πέντε
305 712 494 798 ἀριθμήσει.
539 713 592 778 Ea
610 712 653 779 M.
676 735 706 797 p.
726 713 844 792 660,3
873 711 1098 795 πεμπάσσεται
1127 710 1191 777 ἀπὸ

177 828 239 885 τοῦ
266 820 420 905 πεμπάζοι
439 869 469 885 ..
488 819 525 885 τὸ
553 820 636 884 κατά
662 817 759 884 πέντε
787 817 996 904 άριθμήσειν.
1038 818 1192 902 Hesyoh.:

177 926 402 1011 πεμπάσσεται
429 928 512 992 κατά
539 925 636 992 πέντε
666 925 853 1011 ἀριθμήσει.
899 925 994 990 Phol.
1017 947 1042 990 ι.
1060 947 1090 989 v.
1113 921 1193 1009 πέμ·

176 1055 254 1098 πται
277 1034 475 1118 πεμπτάζειν
497 1034 561 1118 γάρ
583 1033 667 1099 κατά
687 1031 784 1098 πέντε
802 1032 968 1117 ἀριθμεῖν.
1007 1027 1089 1097 Cum
1108 1031 1193 1096 eius·

177 1141 250 1204 dem
273 1140 391 1205 scholii
414 1140 530 1219 verbis,
553 1162 635 1224 quae
659 1145 747 1206 sunt:
772 1141 807 1205 οί
823 1146 966 1224 Περσῶν
988 1135 1025 1203 δὲ
1043 1141 1191 1222 βασιλεῖς

176 1241 269 1331 εἶχον
292 1247 355 1312 δύο
378 1247 480 1330 τινάς,
510 1238 561 1324 οἷς
585 1244 763 1328 ἐπέτρεπον
784 1247 847 1330 τὴν
875 1257 942 1310 τῶν
969 1256 1095 1311 κοινῶν
1122 1243 1190 1310 ἐπι-

175 1355 327 1438 τήρησιν,
353 1352 411 1430 οὓς
434 1352 596 1438 βασιλέως
620 1353 761 1419 ἐκάλουν
784 1353 997 1437 ὀφθαλμούς,
1025 1352 1064 1418 ol.
1088 1351 1191 1434 Hesy-

175 1460 241 1525 chii
268 1459 425 1545 glossam:
453 1458 616 1543 βασιλέως
643 1460 831 1544 ὀφθαλμός·
860 1457 1019 1542 ἐπέμπετό
1047 1481 1096 1534 τις
1123 1457 1189 1523 ὑπὸ

176 1564 338 1648 βασιλέως
356 1565 544 1649 ἐπίσκοπος,
563 1566 599 1644 ὃς
617 1566 785 1652 ἐφεωρᾶτο
804 1569 844 1630 τά
862 1566 1047 1651 πράγματα,
1069 1564 1110 1630 ὃν
1127 1572 1190 1628 τοῦ

174 1670 337 1755 βασιλέως
360 1672 540 1758 ὀφθαλμὸν
563 1673 713 1739 ἐκάλουν.

242 1776 317 1845 soh.
335 1775 367 1842 Α
386 1778 433 1844 60
460 1781 591 1869 μαλερῷ
620 1782 813 1864 explanatur
834 1787 893 1864 pe‘r
916 1787 1105 1867 μαραυτικῷ
1130 1776 1187 1844 καὶ

175 1894 351 1975 καυστικῷ.
396 1885 435 1951 Iu
458 1885 557 1952 VGL
581 1887 744 1972 glossema
767 1889 818 1952 est
840 1895 1016 1974 καυστικῷ,
1041 1887 1081 1951 ad
1101 1885 1189 1970 quod

175 1991 266 2058 inV
298 1993 443 2058 additum
471 1993 689 2080 άφαυιστικῷ,
721 1995 756 2058 in
783 1993 843 2058 GL
871 1999 985 2081 θερμῷ
1020 1989 1063 2080 (Β
1091 1993 1191 2058 habel

176 2105 293 2188 θερμῷ
316 2097 371 2164 καὶ
396 2098 571 2187 διαπύρῳ).
617 2099 707 2166 Haeo
731 2097 840 2165 aulem
863 2104 1017 2185 quattuor
1035 2102 1191 2184 interpre-

176 2211 322 2271 tamenta
340 2207 490 2290 evadunt,
512 2209 540 2272 si
554 2207 634 2272 haee
653 2205 777 2272 scholia
795 2206 882 2272 inter
900 2229 935 2272 se
949 2207 1194 2293 coniungimus:

177 2312 277 2377 schol.
303 2313 398 2378 Hom.
421 2312 487 2379 BV
517 2313 558 2380 ad
585 2318 616 2379 Φ
638 2313 704 2380 375
723 2312 791 2397 ..ἢ
821 2314 911 2398 παρὰ
937 2314 975 2379 τὸ
1007 2318 1125 2399 μαλεῖυ
1152 2315 1190 2381 τὸ

177 2417 360 2502 ἀφανίζειν.
406 2420 563 2505 δηλονότι
590 2430 635 2508 τῷ
664 2427 779 2506 θερμῷ
804 2418 858 2485 καὶ
881 2429 1060 2508 καυστικῷ,
1090 2422 1191 2488 schol.

176 2526 239 2607 Ap.
258 2525 319 2590 Rh.
338 2526 353 2590 Ι
375 2527 439 2591 734
461 2533 632 2613 μαλεροῖο·
657 2529 692 2592 οί
711 2528 868 2612 νεώτεροι
890 2536 950 2592 τοῦ
969 2532 1132 2612 λαμπροῦ,
1156 2529 1192 2594 οί

177 2627 215 2695 δὲ
247 2631 427 2716 (παλαιοὶ)
464 2642 525 2699 τοῦ
561 2643 781 2719 μαραντικοῦ,
819 2633 973 2719 Hesyoh.:
1010 2637 1189 2701 καυστικὸν

176 2742 390 2822 μαραντικόυ,
422 2739 515 2806 Euat.
547 2763 579 2824 p.
602 2741 682 2826 691,
700 2740 743 2808 53
775 2743 809 2805 et
840 2737 892 2806 Et.
920 2739 963 2805 M.
995 2763 1026 2824 p.
1048 2741 1126 2823 574,
1146 2743 1189 2807 36

175 2847 321 2927 μαλερὸν
359 2869 417 2932 per
453 2850 658 2933 μαραντικὸν
694 2846 845 2932 reddunt,
882 2847 948 2912 soh.
981 2846 1079 2930 Soph.
1112 2846 1189 2912 Oed.

175 2951 212 3015 Τ.
234 2953 297 3018 190
321 2951 418 3040 (άρεα
440 2955 500 3019 τὸν
523 2951 696 3041 μαλερόν);
719 2954 779 3019 τὸν
802 2954 1099 3038 καταμαραίνοντα.

242 3058 293 3138 gl.
312 3058 383 3124 vll
403 3057 448 3125 35
479 3063 603 3138 Νεῖλος
632 3061 824 3144 explicatur:
857 3059 878 3144 ἡ
906 3065 1089 3143 Αἴγυπτος·
1122 3060 1192 3126 ἐκεῖ

174 3165 238 3249 γάρ
271 3164 289 3230 ὁ
317 3169 448 3244 Νεῖλος.
500 3167 589 3244 Quae
622 3167 770 3232 doctrina
803 3167 914 3232 eadem
937 3169 1009 3251 est,
1042 3189 1124 3252 quae
1155 3167 1190 3233 in

175 3269 332 3355 Hesychii
356 3276 478 3358 glossa:
506 3279 675 3358 Αἴγυπτος
699 3273 716 3338 ὁ
741 3276 865 3350 Νεῖλος
892 3271 910 3338 ὁ
937 3276 1098 3358 ποταμός,
1127 3271 1185 3357 ἀφ’

173 3370 216 3441 οὗ
239 3374 294 3442 καὶ
317 3377 337 3463 ἡ
362 3381 453 3468 χώρα
479 3379 544 3448 ὑπὸ
572 3390 639 3446 τῶν
665 3377 837 3465 νεωτέρου
861 3386 1030 3463 Αἴγυπτος
1053 3380 1188 3464 ἐκλήθη.
