2642 3864
513 134 552 184 IN
569 135 602 186 V.
622 137 772 187 643-658.
1087 131 1150 196 189

135 297 200 364 643
224 297 279 378 γᾶ]
305 289 331 360 ὦ
349 294 389 360 V.
409 333 451 342 —
472 295 538 361 644
560 292 616 360 καὶ

135 413 202 468 τῶν
220 413 350 488 νεκρῶν
364 401 404 468 V.
422 439 460 450 —
478 401 542 468 645
556 404 615 468 τὸν
672 403 738 468 645
766 403 826 467 τὸν
848 405 1083 487 καταχθόνιον.
1108 439 1151 448 —-

135 515 284 594 Δαρεῖον
305 509 346 574 V.
384 547 426 556 -
465 509 529 574 646
561 507 617 574 καὶ
671 509 736 574 646
774 507 926 576 αἰνέσατε
966 508 1081 574 ἐλθεῖν
1118 507 1151 588 ἐξ

136 615 342 700 σννιιρήξατε
362 624 499 699 ποιῆσαι
518 624 616 682 τοῦτο
662 613 790 682 Ἅιδου.
816 654 853 663 -

135 721 176 788 V.
202 759 243 770 —
268 733 335 788 τῶν
355 721 474 788 ’Ἅιδου
498 724 618 807 δηλον-

137 830 188 893 ότι
217 827 256 894 V.
288 867 330 876 -
367 831 430 895 647
462 833 617 912 Σουσιγ.]

137 935 218 999 ὄντα
246 933 286 1000 V.
319 973 361 986 -
398 937 462 1002 648
474 960 520 1022 sq.
553 931 618 1003 ὧδε

67 1093 75 1110 .
137 1033 208 1118 οἷος
237 1035 281 1126 ἦν
310 1043 375 1128 πρὸ
401 1052 463 1110 τοῦ
491 1043 617 1110 ἀποθα-

136 1159 209 1214 νεῖν
232 1148 271 1214 V.
299 1185 336 1196 -

138 1398 204 1462 650
237 1399 342 1475 ὄντως
364 1397 504 1464 VBGL.
530 1439 571 1448 —
600 1399 618 1466 ὁ

138 1508 284 1588 Δαρεῖος
329 1504 369 1571 V.
419 1545 462 1554 —
514 1507 620 1592 τάφος
676 1506 741 1571 650
759 1505 865 1589 τάφος
881 1502 1028 1590 (scripsit
1042 1503 1153 1590 M).—

138 1609 280 1677 VBGL.
311 1647 355 1659 -
388 1613 450 1679 651
482 1614 620 1697 κρύπτει

140 1717 177 1783 G.
202 1721 346 1802 ἔκρυψεν
368 1719 436 1783 BL.
461 1755 498 1766 —
526 1719 543 1784 ὁ
567 1719 620 1783 τά·

139 1849 204 1909 φος
227 1827 384 1909 δηλονότι
406 1825 446 1890 V.
472 1862 512 1872 —

141 2341 206 2407 652
231 2340 438 2430 ἀννκομίζων
465 2344 544 2418 τοὺς
568 2366 621 2408 νε·

141 2450 243 2533 κροὺς
275 2447 315 2513 V.
351 2484 388 2494 —
425 2449 489 2514 653
522 2446 622 2514 *εἴθε
677 2449 743 2514 654
766 2449 825 2514 τὸν
847 2450 954 2532 μόνον
973 2449 1156 2531 γενόμενον
1217 2447 1221 2482 ‘

141 2553 332 2639 ἄνακέμψοι
351 2553 392 2619 V.
411 2591 453 2600 -
478 2556 544 2621 654
567 2553 623 2640 μέ·
677 2554 814 2639 βασιλέα
843 2556 898 2620 διὰ
921 2554 959 2620 τὸ
982 2556 1158 2638 κηδεμονι-

102 2678 106 2684 ’
141 2685 207 2744 ναν
229 2661 268 2727 V.
294 2695 339 2710 -
369 2660 508 2746 ἄνακτα]
537 2660 623 2746 λέγω
676 2664 746 2728 κόν.
784 2664 870 2728 ἔοικε
902 2657 938 2726 δὲ
966 2661 984 2726 ὁ
1013 2647 1189 2745 ΔαρεῖοςῪ

141 2767 182 2832 V.
205 2807 241 2814 —
269 2770 432 2854 Δαρειὰν]
457 2769 568 2853 ψυχὴν
582 2768 622 2834 V.
677 2766 733 2834 καὶ
756 2769 906 2853 Δαρειόιν
933 2767 1100 2852 λέγεσθαι.
1137 2767 1158 2852 ἦ

143 2913 186 2921 -
213 2899 264 2960 γρ.
294 2877 399 2952 ὄντως
422 2874 461 2940 V.
489 2913 526 2922 -
558 2876 623 2941 655
677 2876 739 2959 τὴν
762 2878 912 2961 Δαρείαν
940 2876 1051 2960 ψυχὴν
1079 2873 1159 2939 ἀνά-

142 2981 312 3047 ἆιιώλεσεν
330 2981 369 3048 V.
392 3019 429 3030 -
455 2982 520 3048 656
545 2982 623 3066 βλά-
678 2993 819 3068 κεμψον.
846 3019 884 3032 -

143 3092 218 3171 βαις
240 3089 280 3154 V.
306 3126 345 3136 -

144 3197 207 3262 657
242 3195 388 3262 ἐκαλεῖτο
411 3197 451 3262 V.
485 3235 523 3246 -
558 3199 623 3266 658

58 3357 60 3362 ,
143 3303 232 3386 παρὰ
255 3315 322 3368 τῶν
345 3303 384 3369 V.
408 3342 453 3352 -
