2642 3872
540 129 579 180 IN
598 129 630 180 V.
650 130 799 183 388-395.

160 280 641 377 ααρέτρεχεν,ὑαεχώρειΗ.-

161 401 238 464 λίαν
255 396 295 464 V.
315 435 357 446 -

162 931 227 997 388
262 927 391 1011 ἔξοδον,
426 926 576 1011 ἐκφνγῆν
603 925 643 992 V.
698 927 764 994 388
788 926 833 1004 ὡς
856 922 1002 1017 ᾠόμεθα.
1019 964 1057 972 -

163 1035 281 1115 ἔξοδον
304 1032 359 1101 καὶ
383 1035 496 1118 φυηῆν
514 1033 555 1098 Η.
594 1035 644 1098 ἔκ-

162 1147 303 1208 πλενσιν
315 1141 421 1206 BGL.
433 1143 476 1188 —'
490 1140 645 1224 οὐδαμῶς

162 1251 198 1314 in
238 1253 317 1314 fiext.
352 1246 382 1312 V
420 1247 560 1332 irrepsit.
606 1283 643 1293 -

163 1354 267 1421 ἐποίει
293 1351 473 1419 VHBGL.
503 1389 548 1400 -
580 1354 645 1419 389

164 1459 221 1546 ἀφ’
246 1456 286 1526 οὗ
302 1460 341 1526 V.
365 1498 401 1508 —
426 1461 491 1526 390
510 1458 646 1545 ἐκράτη-

164 1584 222 1634 σεν
245 1567 286 1634 V.
310 1605 352 1614 —
385 1567 518 1652 λαμπρὰ
541 1565 579 1632 V.
604 1604 646 1613 -

164 1675 264 1756 ἰδεῖν]
290 1674 373 1740 ὥστε
397 1673 436 1739 V.
474 1676 521 1751 εἰς
544 1675 581 1739 τὸ
605 1673 646 1740 Η.

165 1819 209 1828 -
223 1780 339 1862 ἀὐτὴν
362 1779 402 1844 V.
429 1816 466 1827 -
493 1781 557 1844 391
582 1782 648 1845 σὺν

165 1894 293 1972 κραυγῇ
313 1885 353 1950 V.
379 1922 417 1932 -
443 1888 593 1970 θόρυβος
607 1884 647 1951 V.

167 1991 185 2057 ὁ
209 1992 249 2057 Η.
277 2029 315 2038 -
340 1992 429 2078 παρὰ
452 2002 521 2056 τῶν
538 1991 581 2056 Η.
605 2028 648 2038 -

165 2099 231 2164 392
248 2097 435 2182 μολπηδὸν]
451 2095 648 2188 ἐξαίφνηςῩ
737 2088 742 2098 ’

121 2238 125 2246 ·
166 2204 322 2289 (pertinet
331 2205 371 2269 ad
381 2214 549 2290 πρῶτονν.
558 2201 649 2290 391).

166 2312 246 2396 μετὰ
276 2313 357 2395 βοῆς
379 2310 421 2376 Η.
452 2347 491 2359 -
524 2312 649 2396 ἤχησεν

166 2417 243 2498 VL,
283 2415 423 2502 ἐβόησεν
451 2418 522 2483 add.
545 2417 581 2482 L.
607 2455 645 2466 -
761 2463 764 2472 .

166 2526 213 2601 εἰς
249 2523 336 2602 ὕψος
358 2523 399 2590 V.
447 2523 579 2608 ὑψηλὸν
607 2524 649 2590 Η.

170 2669 207 2678 -
239 2629 275 2695 ἐν
304 2629 413 2718 ταύτῷ
437 2629 476 2695 V.
509 2657 547 2677 —'
583 2631 648 2696 393

167 2737 300 2820 ἀντήχει
322 2735 363 2801 V.
400 2735 585 2822 ἀντῆχησεν
607 2736 649 2802 H.

169 2880 210 2890 -
235 2850 280 2931 τῷ
306 2852 372 2907 τῶν
391 2840 559 2930 Ἑλλήνων
579 2843 648 2930 ἤχῳ
776 2836 779 2840 ’

168 2948 252 3033 (ἤχῶ
280 2947 319 3033 L)
357 2948 520 3034 ἀντήχησε
553 2947 649 3013 BGL

167 3054 242 3140 (pro
266 3055 442 3139 ἀντήχησεε
468 3054 554 3139 ὁμοῦ
578 3054 650 3138 ἐβό-

167 3179 260 3245 ησεν,
276 3162 399 3246 ἤχησεν
414 3158 521 3249 1η-
540 3171 597 3246 τῆς
613 3161 650 3227 ἐν

168 3276 207 3353 τῇ
235 3270 326 3355 νῆσῳ
350 3266 390 3332 V.
419 3269 561 3334 -·395
593 3266 649 3334 καὶ
734 3318 737 3323 -

168 3373 364 3459 εὐανδρείας
381 3373 421 3440 V.
445 3411 487 3420 -
512 3373 648 3458 ἄνασσα]

168 3491 239 3558 τοῖς
249 3503 344 3566 super
356 3480 442 3566 quod
453 3479 650 3547 ἐκπεσοῦσιν

225 3594 314 3637 Senon.
328 3605 355 3636 m
369 3593 457 3637 Azson.
472 3597 540 3637 Pus.
555 3595 590 3636 ed.
604 3595 783 3638 Dahnhardt.
952 3579 954 3584 Ι
1009 3593 1025 3642 9
