2628 3892
546 240 757 292 PRAEFATIO.
999 319 1000 324 ρ
1097 241 1161 292 XLI

147 423 219 466 0000
243 400 384 486 possint,
412 400 451 466 do
479 400 619 485 cingulis
647 404 718 466 tum
746 400 875 467 demum
898 401 1051 468 iudicium
1074 401 1162 466 ferro

145 507 267 592 licebit,
290 529 363 574 cum
382 530 400 572 c
417 507 567 592 pluribus
586 507 750 574 codicibus
769 507 900 574 00110110
912 508 1032 574 notitia
1051 508 1163 574 arche·

6 675 7 680 ,
145 615 216 700 typi
240 614 358 680 certior
386 613 476 679 10010
504 615 575 680 erio
619 612 756 678 Interim
784 613 865 680 haec
894 614 1040 680 notando
1069 617 1162 680 sunt:

214 718 414 804 Supplentur
435 719 471 785 in
494 719 641 805 scholiio,
669 741 750 805 quae
772 724 889 806 poetae
912 721 1063 786 omittere
1086 721 1162 786 lice-

145 827 213 910 bat,
235 828 326 891 velut

213 931 440 1020 g1.MSuppl.
459 933 523 1000 133
548 933 588 998 ad
611 932 856 1020 ἀπάξει]ι]μᾶς.

213 1041 256 1126 gl.
276 1039 306 1104 V
325 1039 414 1106 Pers,
433 1042 499 1106 552
523 1041 562 1105 od
590 1038 708 1124 ἤγαγε]
735 1041 795 1105 τὸν
822 1041 966 1126 στρατὸν
993 1042 1163 1126 δηλονότι.

213 1147 278 1214 sch.
297 1146 332 1212 M
351 1145 430 1213 Cho.
448 1147 515 1213 419
538 1146 579 1211 ad
597 1147 735 1232 πάρεστι
758 1146 903 1232 σαίνειν]
926 1156 966 1233 τῇ
984 1145 1082 1235 μητρὶ
1100 1151 1163 1216 τὸν

141 1252 380 1339 Ἀγαμέμνονα.
418 1255 484 1320 sch.
503 1253 537 1318 M
555 1253 651 1319 Mum.
670 1255 733 1320 261
755 1254 794 1319 od
816 1253 855 1318 τὸ
874 1251 906 1318 δ’
927 1253 969 1320 οὐ
987 1255 1164 1341 πάρεστιν]

146 1361 189 1427 οὐ
210 1361 370 1447 πάρεστιν
393 1360 481 1448 αὐτῷ
505 1369 639 1444 νικῆσαι
661 1359 755 1444 ἡμᾶς.

213 1469 256 1554 gl.
281 1467 310 1533 V
335 1467 401 1533 620
434 1467 475 1532 αδ
510 1466 614 1552 τιάρα]
650 1478 723 1544 ταῖς
754 1465 846 1552 ἐμαῖς
877 1466 971 1552 χερσὶ
1002 1469 1164 1552 δηλονότι

145 1572 200 1663 (01.
218 1574 271 1662 A).

215 1681 334 1748 001οΜ
353 1681 462 1747 Prom.
481 1681 546 1746 936
570 1680 611 1746 ad
634 1683 787 1766 πόριμος]
812 1683 953 1767 πόριμος
975 1681 1098 1761 αὐτοῖς.

213 1790 257 1874 gl.
275 1788 307 1852 V
325 1788 390 1852 297
415 1787 455 1854 od
479 1788 658 1869 διδόντων]
684 1787 808 1871 αὐτοῖς,
832 1789 987 1872 δηλονότι
1011 1789 1122 1867 αὐτάς.

215 1896 258 1981 gl.
272 1894 304 1960 V
319 1895 384 1959 213
409 1893 449 1958 ad
471 1896 620 1980 παρεῖχε]
646 1894 768 1966 ἐδίδου,
784 1903 829 1982 τῷ
854 1893 960 1978 ἱέρακι
985 1893 1040 1984 (01.
1056 1897 1109 1982 A).

213 2003 279 2067 sch.
297 2000 332 2067 M
350 2001 458 2066 Prom.
478 2003 543 2066 222
572 2001 613 2066 ad
641 2002 781 2086 αἱμύλας
809 1998 846 2066 δὲ
874 2003 1036 2087 μηχανὰς]
1066 2019 1165 2070 συνε·

144 2107 212 2192 τοὶς,
236 2109 294 2186 τδς
317 2107 396 2192 ἐμὰς
420 2109 524 2190 δῆλον
548 2107 607 2172 ὅτι.

214 2217 258 2300 gl.
274 2213 307 2279 V
330 2215 395 2280 609
429 2215 468 2278 ad
502 2213 642 2299 φρένας]
674 2212 841 2299 ἡμετέρας.
887 2216 953 2281 och.
977 2216 1007 2280 A
1027 2218 1089 2283 631
1119 2218 1161 2282 06

146 2331 259 2388 κακῶν
281 2345 311 2388 v.
330 2321 409 2403 634]
433 2331 501 2386 τῶν
523 2319 692 2406 ἡμετέρων
713 2331 834 2387 κακῶν.

213 2429 279 2495 sch.
298 2427 333 2492 M
351 2427 444 2493 Eum.
465 2429 528 2493 641.
556 2429 595 2492 ad
619 2422 728 2511 εἶκον]
754 2429 790 2493 οῖ
811 2429 971 2496 δικασταί.

213 2535 256 2621 gl.
276 2533 307 2600 V
324 2535 392 2602 465
416 2534 456 2599 ad
480 2536 631 2618 καίουσι]
656 2536 691 2600 οῖ
703 2533 862 2621 Ἕλληνες
885 2534 940 2624 (01.
959 2535 1013 2625 Α).

143 2723 146 2728 ¹
214 2642 257 2724 gl.
275 2640 307 2706 V
325 2641 392 2708 455
422 2642 462 2707 ad
489 2644 665 2724 κτείνοιεν]
693 2643 872 2726 φονεύοιεν
900 2645 935 2709 οἱ
956 2642 1093 2730 Πέρσαι.

215 2746 352 2833 Saepius
376 2748 418 2814 od
440 2750 636 2834 pronomina
658 2753 801 2834 notatur,
829 2751 902 2834 quis
926 2755 983 2815 001
1006 2774 1087 2836 quae
1111 2774 1166 2817 res

149 2854 195 2920 010
221 2855 429 2941 significetur,
451 2859 489 2920 ut

213 2963 257 3048 gl.
276 2962 311 3027 M
330 2959 410 3028 Cho.
428 2963 494 3028 419
518 2962 559 3027 ad
582 2964 622 3027 τὰ
646 2958 694 3044 δ’]
718 2965 758 3027 τὰ
781 2964 852 3047 ἄχη.

213 3071 256 3156 gl.
274 3069 306 3134 V
325 3071 391 3135 220
415 3071 455 3134 od
478 3065 596 3152 τῶνδ’]
619 3081 687 3135 τῶν
709 3079 830 3134 κακῶν.

214 3176 280 3241 sch.
303 3175 338 3240 M
362 3174 441 3242 Cho.
464 3177 530 3241 452
563 3177 604 3241 ad
635 3177 676 3240 τὰ
710 3171 741 3240 δ’
776 3176 875 3264 αὐτὸς
906 3175 991 3264 ὀργᾷ
1023 3181 1163 3261 μαθεῖν]

146 3280 257 3360 cocos:
277 3281 449 3349 τουτέστιν
464 3281 623 3367 ἐπιθυμεῖ
640 3281 676 3348 δὲ
694 3284 734 3348 τὰ
753 3283 852 3348 λοιπὰ
870 3294 997 3366 γνῶναι
1012 3283 1029 3348 ὁ
1044 3287 1163 3370 πατήρ.

212 3390 256 3475 gl.
273 3387 306 3455 V
324 3389 389 3455 487
415 3390 455 3455 ad
479 3392 515 3454 οἳ
535 3385 583 3471 δ’]
607 3390 703 3474 ἄλλοι
726 3392 888 3473 τεριοσοί.

216 3495 282 3562 soh.
301 3494 336 3560 M
355 3493 435 3564 Cho.
455 3497 520 3562 248
545 3496 584 3562 od
607 3498 687 3572 τοὺς
711 3492 758 3576 δ’]
784 3493 859 3560 ἀντὶ
880 3503 941 3561 τοῦ
963 3496 1057 3581 ἡμᾶς.

217 3603 285 3669 sch.
303 3601 338 3666 M
356 3601 451 3668 Mum.
470 3603 535 3668 503
559 3603 599 3668 ad
622 3597 739 3681 τῶνδ’]
763 3600 983 3685 ἡμῶνδῆῖον
1007 3604 1066 3668 ὅτι.
