2632 3878
559 147 598 197 IN
616 147 650 200 V.
668 148 782 199 26-35.

158 307 360 393 πορεύονται
374 307 445 372 add.
456 306 495 372 V.
513 345 550 354 -
572 306 640 372 ἐπι-

157 411 295 500 τηρηταὶ
314 412 458 509 VHGL‚
481 413 640 498 ἡγεμόνες

157 519 276 606 add.V,
295 519 465 585 ἐπιστάται
488 519 639 584 add.GL.

158 664 202 710 ÷
226 628 269 692 26
293 627 329 692 οἱ
355 625 406 708 (οἱ
425 649 489 692 om.
510 623 558 711 H)
583 627 639 690 διὰ
695 627 737 691 26
762 623 890 692 ἱππικοὶ
907 623 964 690 καὶ
980 624 1120 704 τοξόται.
1135 662 1172 672 -

50 763 52 768 ’
157 745 225 800 τῶν
234 732 341 812 τόξων
356 732 540 817 δυνάμενοι
552 732 641 798 ἄντι-

157 842 286 917 πάλους
313 837 450 927 (ἄλλους
472 838 556 923 VH)
582 840 641 903 δοι-

157 948 273 1032 μάζειν
285 945 362 1010 VH.
375 981 421 992 —
434 945 492 1010 διὰ
504 957 572 1011 τῶν
585 947 640 1010 τό·

156 1053 224 1134 ξων
252 1045 451 1137 δαμάζοντες
475 1051 534 1116 GL
558 1049 640 1136 (τῶν

156 1183 220 1226 om.
243 1157 294 1246 L).
316 1195 360 1206 -
384 1159 516 1223 ἱππικοί
535 1157 575 1222 V.
598 1194 634 1204 -

157 1269 198 1332 27
245 1269 376 1351 φόβους
424 1265 639 1350 ἐμποιοῦντες
692 1266 735 1330 27
759 1263 900 1350 φοβεροὶ
923 1261 986 1351 μὲν
1011 1267 1110 1332 ἰδεῑνε
1139 1264 1175 1332 ἐκ

156 1373 220 1439 ἀπὸ
235 1381 293 1457 τῆς
307 1374 416 1449 ὄψεως
428 1370 468 1436 V.
480 1409 520 1418 -
537 1372 636 1453 ἰδεῖν]
691 1374 888 1454 προσόψεως
915 1369 1024 1439 ἱκανοὶ
1052 1375 1174 1458 φοβεῖν

157 1480 238 1545 αὐτὸ
261 1479 303 1544 Η.
317 1516 362 1527 -
377 1475 480 1558 δεξιοὶ
499 1474 537 1542 δὲ
554 1480 638 1562 πρὸς
692 1478 815 1564 ὁμοίως
823 1477 1171 1564 καὶέκτῆςπείρας.-

155 1567 301 1671 πολεμον
315 1585 353 1651 V.
365 1623 407 1632 —
423 1587 508 1650 κατὰ
520 1586 582 1669 τὴν
597 1584 637 1649 H.

41 1723 48 1733 ·
159 1730 197 1741 -
224 1695 266 1760 28
280 1701 456 1779 καρτερικῇ
470 1691 578 1756 HGL.
594 1729 638 1738 —
692 1695 735 1759 28
749 1694 866 1780 γνώμῃ
880 1692 1094 1782 ἢφιλοτιμίμ.
1117 1695 1174 1758 ἅλ-

156 1803 381 1886 ιιοιρτερότητι,
398 1800 543 1883 δοκήσει,
557 1798 637 1864 ὑπο·
692 1804 757 1878 λιος
766 1797 937 1887 (ἐνάλιος,
950 1799 987 1865 ἐν
1002 1805 1174 1886 expuncto,

156 1908 265 1989 λήψει,
275 1910 447 1992 φιλοτιμίᾳ
458 1904 638 1971 V.-1‘nzo-
692 1906 754 1993 m)·
790 1906 1002 1994 ἕννποστάτςο
1036 1907 1174 1989 δοκήσει

157 2013 255 2096 λήψει
278 2012 315 2078 G.
337 2051 380 2061 -
691 2010 748 2078 καὶ
769 2015 923 2096 πείσματι
950 2007 1102 2099 (πίσμστι
1126 2008 1174 2098 m)

691 2127 808 2203 Ψυχῆς·
830 2155 867 2227 ᾗ·

156 2227 199 2291 29
237 2228 393 2309 βασιλεὺς
433 2229 638 2310 Βαβυλῶνος

156 2331 232 2396 VH.
260 2370 296 2380 -
329 2336 506 2418 πολεμικός
528 2331 570 2398 V.
594 2370 636 2379 —

157 2441 200 2505 30
210 2441 366 2523 βασιλεὺς
375 2441 536 2526 Βάκτρων
546 2439 637 2525 (βίον

156 2557 244 2631 τρῶν
262 2545 303 2611 V.
328 2547 484 2633 βάστριον
501 2546 549 2634 Η)
561 2546 638 2612 VH.

160 2689 197 2700 -
223 2655 264 2718 31
289 2652 426 2738 τοξότης
448 2653 487 2720 V.
512 2690 553 2700 -
579 2651 638 2718 ἀν-

157 2761 266 2844 δρεῖος
280 2758 358 2824 VH.
383 2797 422 2807 -
449 2761 492 2826 33
515 2760 534 2826 ὁ
557 2763 637 2838 τοὺς

155 2867 276 2943 ἵππους
294 2866 446 2932 ἐλαύνων
460 2866 538 2951 VH,
559 2871 635 2932 ante
761 2887 765 2894 ·

154 2973 250 3039 haee:
274 2971 406 3050 ἱππικός
429 2973 469 3038 Η.
495 3009 536 3020 -

154 3081 198 3146 34
221 3080 415 3164 συμμάχους
436 3078 516 3143 VH.
543 3115 580 3125 -
615 3077 634 3144 ὁ
690 3079 734 3145 34
766 3077 953 3163 ὑποχείριοι
988 3074 1053 3158 γὰρ
1085 3067 1171 3156 ἦσαν

152 3189 298 3264 πολλοὺς
319 3185 453 3272 τρέφων
467 3185 508 3250 V.
530 3221 567 3231 -
590 3185 634 3251 35
688 3186 763 3250 τότε
804 3189 947 3268 Περσῶν
989 3179 1169 3263 Αἰγύπτιοι

152 3292 175 3377 ἡ
205 3300 384 3378 Αἴγυπτος.
428 3293 498 3358 ἐκεῖ
523 3290 635 3377 γὰρὸ
691 3283 1098 3379 (ocAly.Dd.Kirehh.,0c
1111 3304 1172 3347 om.

154 3403 277 3478 Νεῖλος
299 3399 378 3467 VH.
401 3401 508 3484 ἤγουν
530 3397 552 3484 ἡ
575 3404 636 3464 Ac·
692 3393 842 3483 Weckl.).
865 3433 902 3442 —

153 3529 286 3592 χυπτος.
345 3508 532 3594 ὑποχείριοι
572 3505 636 3591 γὰρ
