2628 3892
559 234 769 288 PRAEFATIO.
1084 237 1175 288 XLIII

224 396 291 462 soh.
309 394 344 460 M
362 393 474 480 Suppl.
495 395 560 460 224
583 395 624 460 nd
647 398 746 478 θεοῦ]
770 403 831 461 τοῦ
854 396 1077 473 Ποσειδῶνος.

227 503 294 569 soh.
307 501 342 568 Μ
356 499 436 584 Cho.
450 500 516 568 358
536 501 576 566 ad
593 504 745 586 χθονίων
763 502 951 587 τυράννων]
968 501 1173 580 Πλούτωνος

157 611 214 677 κοιλ
238 611 466 694 Περσεφόνης.
516 625 525 636 “

224 720 267 803 31.
287 715 396 781 V457
417 716 457 780 ad
476 717 569 796 θεὸς]
591 715 608 780 ὁ
628 716 814 781 Ποσειδῶν.
838 716 905 781 seh.
924 716 954 781 A
973 715 1037 782 691
1060 717 1099 781 ad
1119 719 1175 801 χοί

156 826 240 890 κατὰ
266 823 392 909 χθονὸς
418 820 507 906 θεολ]
533 825 569 888 ολ
593 823 747 888 κάτωθεν
773 831 831 907 τῆς
858 833 918 908 γῆς
945 820 1021 888 θεολ
1050 814 1124 888 οἷον
1155 823 1173 889 ὁ

159 931 326 997 Πλούτων
355 926 411 995 καὶ
442 927 463 1012 ἡ
496 933 705 1016 Περσεφόνη.
750 931 793 1016 gl.
816 929 846 995 V
871 929 937 996 505
969 926 1076 1014 ἦγόυν
1107 939 1168 996 τοῦ

160 1038 273 1104 Ηλίου
296 1035 351 1125 (of.
374 1039 418 1123 gl.
436 1035 599 1122 HBG).*)

227 1143 294 1210 soh.
321 1143 356 1209 M
384 1141 465 1211 cho.
493 1143 558 1209 790
591 1145 631 1207 ad
664 1143 787 1230 ἀνδρὸς
819 1147 922 1228 φίλου
954 1147 1080 1225 πῶλον]
1114 1154 1175 1210 τοῦ

155 1247 409 1336 Ἀγαμέμνονος.
455 1251 514 1316 τὸν
534 1244 697 1334 Ὀρέστην.

224 1358 268 1442 gl.
291 1355 411 1423 V612
444 1358 484 1422 ad
516 1357 635 1434 παιδὸς
667 1354 780 1442 πατρὶ]
813 1358 920 1442 ἤγουν
949 1365 1011 1423 τοῦ
1035 1355 1164 1444 Ξέρξου
1121 1381 1175 1423 ου.

156 1473 203 1553 τῷ
227 1466 372 1552 Δαρείῳ.

228 1571 280 1636 Ad
303 1571 506 1655 pronomina,
529 1593 611 1655 quae
635 1571 675 1634 ad
700 1570 858 1656 quaedam
882 1573 939 1634 ont
940 1592 978 1635 ea
924 1569 1086 1636 odico
1104 1593 1175 1655 per-

78 1651 81 1656 .
159 1679 276 1764 finano,
299 1677 473 1762 adponitur
495 1676 513 1744 ὃ
537 1671 632 1744 εἷσον
654 1677 707 1742 vel
730 1677 806 1760 quid
830 1677 943 1744 simile.

193 1833 197 1842 ,
225 1784 291 1850 soh.
312 1783 345 1847 M
368 1784 454 1850 Pers.
474 1785 540 1850 262
564 1783 605 1849 ad
627 1779 698 1850 τόδ’
726 1785 818 1868 ἄχος]
846 1782 864 1848 ὃ
889 1777 992 1850 εἶπον.
1039 1785 1078 1850 of.
1102 1786 1168 1851 sch.

158 1891 189 1957 Α
207 1891 283 1958 261.

226 1997 291 2063 soh.
310 1997 344 2062 M
364 1996 451 2082 Sept.
470 1999 536 2064 534
560 1997 601 2062 ad
628 1997 647 2062 ὁ
676 1995 713 2062 δὲ
740 1993 866 2062 τοιόσδ’
893 1996 992 2080 ἀνὴρ]
1020 2001 1173 2075 τοιοῦτός

156 2103 248 2171 ἐστιν
271 2096 345 2171 οἷον
368 2103 432 2187 ἐγὼ
455 2099 559 2170 εἶτον.
885 2151 888 2158 ·

225 2213 267 2298 gl.
286 2210 415 2276 VBGL
432 2213 500 2278 440
528 2213 568 2277 ad
595 2211 721 2292 τοῖσδε]
750 2203 801 2287 οἷς
829 2205 933 2276 εἶπον.
980 2210 1020 2276 cf.
1045 2211 1112 2276 soh.
1132 2213 1172 2277 A.

224 2320 267 2406 gl.
286 2318 317 2384 V
335 2320 401 2385 203
425 2320 465 2384 ad
489 2321 605 2400 ταῦτα]
634 2317 655 2382 ἃ
678 2313 773 2383 εἶπον
801 2316 873 2401 (sed
901 2338 982 2403 quae
1004 2316 1056 2383 his
1079 2318 1114 2384 in
1137 2317 1169 2384 V

157 2425 352 2492 antecedunt
374 2425 474 2490 verba
491 2425 576 2490 αὐτὰ
589 2425 686 2490 ἅτινα
705 2418 798 2509 εἶδον
817 2423 853 2490 ἐν
872 2426 978 2508 νυκτί,
1003 2428 1040 2490 ο1
1059 2426 1172 2511 inepto

156 2532 339 2616 explioafiio
362 2530 541 2597 oorfiissime
564 2531 745 2597 recentiora
768 2529 867 2618 sunt).

224 2640 267 2724 gl.
291 2637 324 2704 V
349 2639 414 2704 263
454 2639 494 2702 ad
529 2637 652 2721 ἐκεῖνα]
686 2637 706 2702 ἃ
736 2631 831 2704 εἶτον
864 2636 918 2723 (of.
946 2639 1011 2703 soh.
1037 2637 1069 2702 Α
1106 2639 1170 2704 ὅσοι

157 2744 288 2918 Wlfflin.
307 2851 421 2918 A516
446 2851 487 2916 ad
509 2859 590 2916 ταῦτ
593 2845 688 2916 ”όστ
712 2849 835 2935 ἀληθη]
859 2858 962 2915 ταῦτα
986 2847 1048 2914 ὅσοι
1071 2844 1167 2916 εἶτον

157 2958 267 3043 ἀληθῆ
292 2958 369 3025 ἐστι.

222 3169 326 3241 *)Hao
349 3167 544 3225 obsorvnoiono
566 3169 724 3223 firmaretur
746 3165 907 3222 coniectura
925 3165 1094 3235 Wooklinii,
1119 3167 1169 3236 qui
1270 3227 1272 3230 ,

155 3277 183 3314 v.
203 3265 254 3314 451
285 3255 435 3330 φιλόχορος
460 3255 524 3311 Πὰν
554 3257 584 3311 in
609 3254 758 3326 φιλόχορος
779 3255 849 3318 θεὸς
876 3256 980 3310 mutati
1005 3257 1079 3325 vult,
1110 3257 1170 3310 nisi

156 3346 235 3416 leges
254 3346 390 3402 metricae
413 3346 559 3401 obstarent
581 3343 704 3400 omnino.
741 3343 844 3400 eontra
867 3343 954 3403 schol.
974 3344 1047 3402 Mod.
1066 3344 1081 3400 ὁ
1100 3346 1170 3408 θεὸς

155 3435 255 3492 όΠόιν
280 3437 320 3491 oio
344 3434 510 3506 onplicooun·¹
536 3437 569 3489 ut
590 3435 622 3489 in
646 3432 798 3500 arohenypo
823 3451 908 3503 supro
926 3435 1010 3487 ΠΑΝ
1030 3434 1171 3503 glossema

153 3525 242 3580 fuerit
255 3525 270 3579 ό
284 3524 361 3591 θεὸς,
375 3538 448 3593 quae
462 3523 600 3592 scriptura
614 3522 775 3576 etiamnunc
789 3520 850 3574 inL
864 3523 976 3576 servata
990 3524 1042 3576 est.
1071 3520 1171 3576 Scriba

154 3615 251 3667 autem
264 3611 386 3667 Medioei
398 3609 469 3665 illud
482 3611 513 3664 in
526 3605 614 3680 innrg.
629 3609 800 3664 transferens
813 3609 935 3664 mutavit
949 3607 964 3663 ό
979 3608 1047 3670 θεὸς
1062 3607 1077 3662 ὁ
1096 3607 1170 3664 Πάν.
