2642 3872
152 149 220 215 270
410 99 412 104 Δ
586 153 743 207 SCHOLIA

224 313 308 379 1057
356 316 415 379 καί
434 337 492 399 μοι
515 317 663 398 γενείουτ
696 313 839 398 ληπτέον
863 313 990 393 ἔξωθεν
1012 315 1050 378 τὸ
1074 315 1174 380 κόπτε

153 418 174 504 ἣ
197 422 300 485 τίλλε·
323 421 431 504 ἤγουν
453 423 544 487 τίλλε
564 419 620 486 καὶ
638 421 699 504 την
718 423 863 505 λευκήρη
882 419 937 486 καί
955 422 1098 507 γηραιάν
1117 419 1173 486 καὶ

153 526 406 612 πεπολιιομίνην
433 531 528 612 τρίχα
555 536 616 592 τοῦ
645 536 707 593 σοῦ
731 531 864 611 γενείου
888 525 933 592 δι’
956 527 1039 612 ἐμὴν
1064 529 1171 612 χάριν.

154 633 275 710 ἀλλοις·
303 633 418 718 πέρθε.
464 635 500 699 οί
525 630 562 699 δὲ
585 634 771 719 γράφοντες
794 634 922 720 ὕπερθε
945 634 1087 719 ἀμαθεῖς
1110 644 1172 700 τοῦ

126 738 285 826 ιμέτρου.

226 886 240 933 1
269 879 374 934 lemma
400 879 536 935 exhibent
555 879 612 934 VH
641 912 673 920 -
701 880 732 934 τὸ
756 879 842 935 κόπτε
865 878 928 947 ἤτοι
951 882 1023 936 τίλλε
1046 880 1095 935 ναὶ
1119 879 1172 949 τὴν

152 949 264 1006 Dd.VH
284 983 317 992 -
337 957 352 1006 2
372 951 421 1006 καὶ
439 951 563 1022 γηραιάν
580 954 647 1022 posb
664 951 879 1020 πεπολιωμὲνην
894 953 1069 1020 transposita
1086 952 1172 1021 vulgo

152 1053 186 1062 -
207 1031 222 1077 3
242 1031 291 1078 τοῦ
311 1040 365 1078 om.
381 1025 406 1077 H
425 1053 459 1063 -
479 1031 496 1078 4
514 1023 601 1077 verba
619 1023 685 1077 inde
704 1023 740 1076 ab
760 1023 848 1086 ἄλλως
867 1039 920 1078 om.
938 1022 993 1076 VH

223 1204 307 1269 1058
346 1202 364 1267 ὁ
388 1203 488 1287 χορὸς
511 1205 663 1280 είπόντος
680 1212 741 1269 τοῦ
760 1202 901 1288 Ξέρξου·
924 1206 1013 1268 τίλλε
1036 1201 1091 1268 καὶ
1109 1205 1172 1287 τὴν

153 1309 216 1394 την
244 1310 400 1392 γενειάδα
427 1313 546 1396 φησίν·
576 1309 674 1394 ἀπρὶξ
702 1308 756 1375 καὶ
785 1311 902 1375 διόλου
930 1310 1018 1394 μάλα
1045 1311 1170 1394 γόεδνα

152 1413 207 1480 καὶ
235 1419 312 1481 λίαν
339 1423 494 1502 λυπηρῶς
525 1415 580 1482 καὶ
611 1429 736 1503 γοερῶς
763 1422 863 1482 τίλλω
890 1415 945 1482 καὶ
974 1420 1084 1482 κόπτω
1112 1420 1171 1494 τάς

152 1526 266 1608 τρίχας
288 1533 349 1589 τοῦ
372 1527 505 1608 γενείου
528 1548 603 1609 μου.

225 1668 239 1716 1
264 1662 320 1732 δχ
322 1663 472 1726 ,ἀκούσας
494 1661 623 1725 εἰπόντος
646 1672 734 1718 ταῦτα
757 1672 851 1720 τοῦτα
831 1664 951 1719 Ἷτίλλε
969 1663 1021 1732 τὴν
1042 1663 1094 1732 σὴν
1113 1667 1170 1718 κτλ.

152 1733 214 1801 1)(1.,
234 1684 363 1797 εἰπόντος
380 1742 430 1789 τοῦ
450 1731 562 1804 ξερξον
581 1737 677 1792 τίλλε.
692 1734 848 1824 ,γενειάδα
868 1734 979 1805 δχορός
993 1753 1080 1805 φησιν
1095 1735 1119 1787 V
1136 1766 1169 1775 —

152 1804 202 1859 καὶ
229 1807 295 1859 ante
322 1805 375 1874 τὴν
401 1805 500 1859 addidi
526 1823 540 1858 e
566 1806 648 1860 V-
677 1805 728 1896 τὴχ
757 1805 809 1876 σὴν
849 1826 887 1861 εν.
907 1809 979 1860 τίλλε
1003 1806 1072 1875 φησὶ
1090 1805 1116 1859 Η
1136 1837 1169 1846 -

152 1828 1169 1947 2ἀπρλγξά,ἀπρίγδα1)δ.-δι’ὅλου1)ἀ.-3λνπηρῶςααλ

153 1965 206 2002 om.
222 1947 247 2002 V
268 1981 300 1988 —
319 1950 386 2018 posb
404 1957 518 2019 γοερῶςε
539 1945 679 2020 ἐπίρρημα
698 1950 754 2004 VH
774 1981 806 1989 —
831 1948 879 2003 καὶ
899 1947 990 2003 κόπτω
1010 1951 1095 2018 vulgo
1115 1965 1169 2004 om.

153 2051 187 2060 -
207 2026 224 2074 4
243 2029 297 2090 μοῦ
315 2022 401 2090 vulgo

218 2183 284 2247 ibd.
330 2184 488 2267 ἀπριγδαε
524 2189 624 2249 τοῦτο
656 2182 854 2267 ἐπιφώνημα
887 2181 941 2247 καὶ
980 2182 1170 2267 ἐπίφθεγμα

153 2285 206 2352 ἐπὶ
229 2299 298 2352 τῶν
319 2291 401 2373 μετά
422 2290 652 2375 σφοδρότητος
669 2291 851 2354 τιλλόντων
869 2291 926 2366 τάς
945 2292 1071 2372 τρίχας·
1095 2285 1169 2353 ἀντὶ

151 2403 212 2459 τοῦ
241 2393 478 2480 ἐπιτεταμένως
505 2394 560 2461 καὶ
588 2394 686 2479 ἀπρὶξ
714 2394 769 2461 καὶ
797 2387 872 2462 οἷον
900 2396 1052 2481 ἐμμανῶς
1079 2398 1169 2460 τίλλε

151 2501 209 2578 τάς
231 2503 353 2586 τρίχας.
398 2502 607 2588 vulgoDdV.

225 2647 238 2695 1
267 2640 371 2695 lemma
399 2642 491 2695 V-
522 2641 636 2697 initium
663 2642 748 2710 vulgo
778 2642 830 2696 sie.
859 2640 916 2697 ἐστι
940 2639 971 2696 δὲ
995 2641 1027 2696 τὸ
1049 2638 1168 2730 ἄπριγδ’

151 2711 276 2783 ἀπριγδα
295 2708 516 2802 ἐπιφόνημα-
538 2721 553 2768 3
573 2714 623 2769 καὶ
642 2712 850 2781 οάπέριξν-
879 2715 950 2768 τίλλε
970 2713 1019 2766 καλ
1037 2710 1123 2766 κόπτε
1144 2711 1167 2763 V

151 2815 185 2826 -
209 2784 294 2848 4τάς
318 2781 420 2840 ἑαυτοῦ
442 2788 539 2856 τρίχας
561 2785 677 2840 Dd.-
705 2785 737 2836 In
762 2785 784 2836 V
808 2786 862 2840 hoc
886 2788 915 2840 et
938 2785 1014 2854 quod
1041 2783 1169 2852 nequitur

152 2857 239 2912 schol.
258 2863 324 2926 post
312 2859 430 2914 t.schol
449 2875 475 2911 v.
497 2863 565 2912 1063
584 2857 691 2926 scripta
709 2857 782 2910 ευατ

218 3038 283 3102 ibd.
329 3037 416 3120 μάλα
440 3037 576 3119 γόεδναε
599 3037 672 3120 ἤτοι
696 3034 777 3101 ἕδνα
800 3033 856 3101 καὶ
876 3037 967 3119 δῶρα
986 3046 1056 3112 τοῖς
1074 3037 1168 3118 γόοις

151 3142 205 3210 καὶ
233 3155 302 3219 τοῖς
329 3145 473 3227 θρήνοις
502 3143 672 3227 διδόμενα.
718 3142 866 3225 σύνηθες
894 3145 957 3226 γὰρ
985 3153 1055 3218 τοῖς
1082 3148 1168 3226 θρη-

151 3259 249 3317 νοῦσι
271 3251 396 3314 τίλλειν
419 3251 478 3326 τὰς
501 3247 630 3314 εαυτῶν
652 3251 773 3334 τρίχας.
819 3248 1024 3335 τυΙροΒδμδί

223 3396 236 3443 1
257 3386 320 3455 ἥτοι
340 3386 410 3444 ἕδνα
429 3407 482 3445 om.
498 3390 575 3443 V-
603 3395 618 3444 2
645 3387 782 3460 διδόμενα
801 3383 1000 3477 ἐφειμένον
970 3409 1023 3458 γαρ
1044 3387 1169 3457 σόνηθες

150 3468 208 3522 τοῖς
225 3460 248 3514 V
263 3460 339 3550 gfort.
358 3460 496 3532 διδόμενα
511 3459 678 3533 ἐφειμένοις.
708 3461 831 3530 σύνηθες
849 3460 902 3530 γὰρ
921 3462 1051 3528 τοῖς)-
1081 3458 1168 3521 3τάς

173 3534 245 3601 ίχας
264 3533 412 3588 εαυτῶνν
