2628 3892
479 180 689 232 ADNOTATIO
710 181 862 233 emulor.
1110 185 1183 236 LXV

171 341 290 408 Περσῶν
308 338 395 409 vulgo
413 339 502 394 sicin
519 337 603 394 initio
623 339 724 394 scholii
741 339 835 410 posits
858 341 935 409 sunt,
958 341 991 394 ut
1008 339 1099 410 leges:
1126 339 1183 397 ἔστι

169 410 219 464 sul
237 418 320 464 τοῦτο
338 408 461 480 πόλισμα
478 413 604 481 Περσῶν.

240 481 312 535 Tum
331 483 382 536 hes
401 481 653 536 transmutationes
669 482 747 538 nullo
767 481 894 538 codicum
913 481 1055 551 praesidio
1070 483 1183 539 emulus

169 554 267 607 temen
285 553 369 607 fecile
389 552 506 622 detegis.

242 623 299 679 sch.
318 631 350 678 21
371 625 458 679 verbe
476 621 534 687 οἷος
552 616 588 694 ἦν
607 641 629 679 e.
646 641 672 693 q.
688 643 718 691 s.‚
737 641 809 694 quse
827 625 894 695 post
916 623 952 679 τά
975 621 1026 696 μὲν
1045 633 1101 680 τῶν
1120 626 1183 682 ὀνο-

170 694 265 764 μάτων
284 693 437 765 ἱστόρησεν,
461 694 497 751 τδι
515 693 547 750 di
566 697 677 759 τελείως
695 694 816 751 ἔπλασεν
834 697 1009 765 legebantur,
1032 714 1095 752 cum
1114 715 1182 754 voce

171 768 294 850 βασιλεῖς
312 767 508 837 coniungenda
526 769 599 821 sunt.
637 767 756 822 Etiamsi
774 768 862 823 verbe
883 767 920 822 τδι
938 765 990 839 μὲν
1008 798 1042 810 -
1062 766 1182 825 ἔπλασεν

170 857 200 892 rn
219 838 380 909 parenthesi
398 839 472 893 inter
485 836 581 910 Πέρση
599 840 629 893 et
647 835 706 902 ολος
719 831 756 908 ἣν
769 837 937 910 interpositu
950 855 1011 894 esse
1026 839 1182 896 existimes:

170 910 204 964 de
223 909 383 964 nominibus
401 926 459 964 non
476 913 571 979 potest
589 927 767 979 sermnem,
806 912 947 979 rinsquem
966 927 1001 965 ee
1014 926 1182 968 commemo·

168 982 233 1034 rute
251 982 324 1035 sunt.
361 981 479 1035 Accedit
497 981 573 1050 quod
591 983 753 1052 corruptela
789 981 861 1036 acilo
881 981 920 1036 sic
939 980 1007 1037 oriri
1025 981 1131 1051 potuit,
1149 985 1182 1038 ut

169 1051 279 1106 librarii
298 1052 373 1106 oculi
387 1069 405 1106 e
417 1050 513 1125 Πέρση
527 1053 564 1107 ed
577 1056 695 1124 Περσῶν
709 1053 891 1122 diverterent,
905 1055 967 1108 tum
981 1051 1086 1110 emisse
1095 1056 1181 1110 verbs

167 1126 233 1192 post
252 1121 371 1178 ἔπλασεν
390 1126 566 1180 adderentur.

240 1194 299 1250 sch.
317 1201 370 1278 110
388 1195 476 1250 verbe
493 1193 510 1264 ἦ
529 1201 567 1269 τῷ
584 1196 669 1270 ’βιαίῳ
687 1193 782 1268 ἀνέμῳ
800 1194 831 1249 in
849 1213 929 1250 suem
949 1196 1044 1251 sedem
1059 1197 1182 1264 restitui,

170 1283 234 1320 cum
253 1283 435 1335 corrigeremr

240 1335 457 1408 πολιαινομὲνης
484 1357 513 1393 τε
540 1337 589 1392 καλ
616 1335 835 1408 λεοναινομὲνης
865 1336 958 1411 λάβρῳ
985 1335 1003 1406 ἢ
1031 1339 1069 1412 τῷ
1098 1341 1181 1412 βιαίῳ

169 1407 263 1483 ἀνέμῳ
282 1407 300 1477 ἦ
320 1408 509 1478 άφριζομένης
523 1409 631 1478 δηλαδὴ
646 1417 680 1480 τῇ
694 1410 858 1483 νωπηλασίῳ
872 1427 906 1463 cx
923 1413 986 1464 πολ.
999 1429 1029 1464 τε
1044 1409 1094 1464 ιιαὶ
1107 1415 1180 1468 teve.
1237 1476 1240 1481 Ι

168 1480 261 1554 λάβρῳ
284 1479 474 1551 ἀφριζομένης
499 1480 607 1550 δηλαδὴ
629 1489 664 1552 τῇ
686 1483 851 1554 κωπηλασίῳ
875 1477 949 1554 iperi
973 1482 1055 1553 βιαίῳ
1077 1480 1181 1554 ἀνέμῳ,

170 1553 247 1619 Quae
266 1554 426 1606 correctns
444 1557 473 1606 et
484 1571 540 1622 per
559 1569 589 1606 se
608 1568 744 1622 spperere
763 1551 875 1606 videtur
897 1559 927 1606 ct
944 1551 1073 1607 firmetur
1091 1553 1130 1622 gl.
1146 1554 1178 1609 V.

241 1625 298 1678 sch.
314 1629 365 1678 139
386 1623 486 1693 scripsi
509 1619 611 1692 ἕνάστη
634 1622 705 1692 γονὴ
727 1622 827 1692 Περσὶς
848 1623 898 1678 τὸν
921 1615 1023 1690 ἕαοτης
1041 1625 1182 1694 εάνατῆρα

169 1695 218 1749 καλ
236 1694 329 1763 ἄνδρα
343 1693 580 1765 ἀποπεμψαμὲνη,
598 1695 648 1749 τὸν
664 1693 819 1764 αίγμηεντα
835 1698 944 1762 θοῦρον
958 1694 1008 1748 καὶ
1020 1695 1181 1764 πολεμικόν,

170 1763 202 1822 ἐν
219 1765 303 1838 πόθῳ
322 1764 467 1839 φιλάνδρῳ
486 1768 611 1832 λείπεται
629 1765 699 1834 αῦτη
718 1774 767 1820 τοῦ
786 1769 885 1820 λοιποῦ
904 1764 1022 1836 μονόζυξ
1041 1767 1090 1820 καὶ
1109 1765 1180 1836 μόνη

167 1855 218 1907 pro
233 1832 335 1906 ἑκάστη
347 1881 352 1892 .
365 1880 370 1891 ,
382 1837 474 1906 ἄνδρα
492 1835 720 1907 ἀποπεμψαμὲνη
736 1833 767 1891 ἐν
787 1835 871 1909 πόθῳ
890 1836 1036 1910 φιλάνδρῳ
1051 1836 1101 1904 (είς
1114 1838 1178 1894 add.

169 1909 231 1974 Dd.‚
249 1904 279 1964 ἐν
298 1908 381 1980 πόῦῳ
396 1913 454 1978 φιλ.
470 1926 523 1963 om.
538 1911 623 1979 vulgo
640 1909 673 1975 Η,
693 1909 744 1962 tot.
760 1910 817 1962 sch.
833 1925 888 1962 cm.
904 1908 938 1974 V)
957 1908 1007 1963 τὸν
1026 1907 1181 1998 σιίγμήιντα

168 1985 277 2050 θοῦρον
301 1980 350 2035 καὶ
372 1980 523 2049 πολεμικὸν
546 1981 671 2034 λείπεται
694 1978 764 2047 αῦτη
788 1987 838 2032 τοῦ
866 1983 966 2034 λοιποῦ
989 1982 1108 2048 μονοζνξ
1132 1980 1181 2035 καί

170 2049 249 2122 μόνη.
276 2052 349 2106 Nem
363 2051 450 2105 verbe
464 2047 495 2106 ἐν
508 2049 592 2123 πόθῳ
606 2050 751 2122 φιλάνδρῳ
766 2067 827 2104 cum
844 2052 969 2104 λείπεται
983 2050 1181 2120 coniungenda

168 2139 230 2178 csse
249 2123 430 2177 menifestum
450 2124 501 2176 est.

239 2195 296 2249 sch.
318 2199 386 2249 1017
406 2192 507 2263 scripsi
527 2190 689 2262 πέπληγμαι
711 2191 759 2245 καὶ
782 2189 921 2262 κόπτομαι
944 2191 993 2246 ναὶ
1011 2195 1110 2262 θρηνῶ
1128 2210 1180 2262 pro

169 2269 308 2337 κόπτομαι
326 2265 374 2320 καὶ
392 2262 553 2335 πέπληγμαι
570 2264 619 2347 ναὶ
634 2267 741 2346 δρηνῦ.
779 2263 850 2346 Num
865 2280 919 2318 vox
933 2261 1093 2358 πέπληγμαι
1107 2281 1180 2332 ques

167 2333 1062 2478 tillnrtltllttntitttltaltltnttltlittitlt
1075 2337 1180 2488 titt

167 2497 259 2548 neque
278 2479 428 2548 quisquam
447 2479 531 2533 aliter
549 2495 653 2549 ponere
675 2478 769 2546 potuit
792 2477 847 2531 nisi
865 2477 1006 2533 librarius.
1045 2477 1181 2532 Similiter

167 2551 272 2606 lemme
294 2550 397 2606 scholii
419 2551 453 2606 8'6
477 2549 668 2620 δονριιιλῦτοις
690 2545 722 2603 δὲ
741 2549 770 2602 in
788 2549 913 2604 medium
931 2550 1017 2604 schol.
1036 2549 1178 2619 migravit.

239 2622 374 2676 Ultimum
394 2621 467 2675 uddo
486 2622 580 2675 locum
600 2619 796 2675 difficiliorem.

240 2692 314 2748 Nem
334 2692 391 2747 sch.
412 2697 464 2746 524
483 2693 522 2746 sic
541 2691 666 2748 restituis
685 2689 701 2746 ὅ
722 2711 758 2754 ως
777 2687 805 2745 δ’
823 2687 921 2760 ἐπειδὴ
940 2691 958 2760 d
976 2688 1111 2760 ὑμετέρα,
1129 2699 1179 2746 τοῦ

167 2773 279 2890 χῳέροῦὲ
293 2764 377 2832 φάτις
399 2763 448 2817 καί
470 2764 560 2834 κρίσις
582 2761 669 2825 οὕτως
707 2763 827 2832 eriperes,
855 2762 963 2832 δηλαδὴ
990 2759 1109 2832 λέγονσά
1131 2781 1179 2832 μοι

170 2856 183 2890 s
220 2852 256 2888 ασ
280 2854 317 2888 αι.

204 2838 217 2900 ξ
239 2922 284 2958 vv.
299 2904 342 2958 ll:
362 2902 390 2958 δ’
407 2921 461 2959 om.
475 2905 561 2974 vulgo
579 2904 613 2959 V.
633 2937 667 2944 -
686 2903 703 2973 ἡ
722 2901 842 2974 dmiccc
857 2901 941 2972 φάτις
955 2901 1042 2966 οὕτως
1056 2898 1178 2974 ἐκύρωσε

167 2974 216 3030 καί
238 2975 340 3045 κρίσις,
365 2983 415 3029 τοῦ
438 2983 522 3045 χοροῦ
547 2974 668 3045 δηλαδή,
691 2973 810 3046 λέγοοσά
832 2994 880 3045 μοι
898 2974 1037 3040 εὔξασθαι
1055 2974 1178 3042 Duvli,

167 3045 225 3100 nisi
242 3047 317 3120 quod
336 3044 424 3109 οὕτως
441 3048 470 3100 in
490 3047 514 3100 V
534 3054 599 3100 ante
621 3045 640 3115 ἡ
658 3044 792 3116 ὑμετέρα,
814 3047 845 3100 in
866 3044 893 3098 H
911 3045 971 3172 (ηοί
989 3046 1007 3115 ἡ
1027 3051 1092 3114 orn.)
1113 3049 1178 3100 ante

168 3117 296 3189 ὑμετέρα.
317 3149 350 3158 -
371 3117 389 3187 ἡ
408 3113 529 3188 ὑμετέρα
547 3115 631 3187 φάτις
648 3116 697 3171 καὶ
716 3118 805 3187 κρίσις
824 3115 911 3179 οὕτως
944 3116 1050 3187 edemus
1070 3117 1177 3188 δηλαδὴ

167 3188 285 3262 λέγοοσά
304 3209 351 3260 μοι
370 3188 510 3256 εὔξασθαι
528 3189 623 3257 vulgo.

238 3262 363 3317 Primum
382 3280 397 3316 e
417 3259 503 3316 schol.
518 3261 547 3314 M
565 3259 583 3329 ὴ
602 3260 679 3328 ὑμῶν
698 3261 787 3329 νρίσις
805 3259 823 3329 ἡ
842 3256 961 3350 λίγοοσά
976 3280 1024 3330 μοι
1038 3259 1179 3326 εὔξασθαι

168 3335 197 3389 et
215 3351 230 3390 e
249 3333 287 3404 gl.
302 3333 327 3388 V
341 3338 393 3388 405
413 3330 549 3403 λέγουσαν
573 3329 703 3401 δηλονότι
727 3347 811 3400 super
832 3333 902 3404 βοην
925 3331 1031 3402 scripto
1060 3333 1179 3401 apparet

166 3404 220 3461 hoc
235 3404 343 3460 scholio
357 3403 466 3488 δηλαδὴ
480 3421 543 3458 cum
553 3401 673 3474 λέγοντα
682 3400 908 3471 coniungendum
918 3419 988 3471 esse,
1002 3402 1178 3458 Dindorfium

166 3479 262 3532 eutem
285 3495 433 3548 perperam
456 3476 672 3546 mtcrpuuxisse.
710 3472 782 3528 Tum
805 3474 985 3543 perspicuum
1003 3475 1073 3544 puto
1093 3473 1179 3528 verbe

166 3547 250 3620 φάτις
268 3548 318 3605 καὶ
336 3550 424 3621 κρίσις
442 3565 498 3603 non
517 3546 674 3618 separanda
692 3560 762 3613 esse,
781 3544 811 3600 id
829 3545 904 3615 quod
924 3543 1094 3600 scholiastae
1113 3542 1178 3598 usui

219 3667 307 3710 Senon.
320 3678 346 3708 rr
361 3667 451 3709 Aescu.
465 3668 533 3710 Psns.
548 3666 582 3708 ed.
597 3665 777 3707 Dthnherdt.
1002 3667 1017 3704 e

1093 3781 1230 3842 A
