2642 3864
552 151 592 202 IN
610 153 643 204 V.
663 155 813 208 342-347.

173 316 266 388 νηῶν
278 318 346 372 τῶν
355 304 525 390 Ἑλλήνων
535 311 655 393 δηλον-

173 414 224 476 ότι
242 411 282 478 V.
302 451 344 460 —
369 416 434 480 342
457 417 563 498 ἤγουν
587 441 655 502 τρι-
709 421 774 485 342
797 421 947 489 τουτέστι
965 424 1006 489 τ’.
1028 465 1065 474 -

172 522 329 596 ακοσίους
338 521 376 584 V.
402 523 509 604 ἤγουν
524 521 653 607 τριακο-

173 627 246 701 σίας
273 635 356 701 ναῦς
382 626 417 690 L.
463 633 654 712 τριακοσίας

169 739 252 807 ναῦς
303 731 340 796 Β.
412 738 652 817 τριακοντάδας
729 775 732 780 ·

131 893 132 898 ,
168 837 276 918 ἤγουν
299 843 489 923 τριακοσίοις
511 851 593 919 ναῦς
613 843 650 907 G.

167 979 210 988 -
240 946 304 1010 343
337 949 442 1027 ναῶν]
472 959 540 1013 τῶν
569 955 601 1012 et
627 975 648 1033 η
704 953 768 1018 343
784 952 900 1020 ἐκτῶν
914 955 1135 1044 τ’ὃέκαῆσαν
1152 965 1190 1028 αἱ
1270 988 1273 992 ·

167 1071 264 1133 super
282 1075 303 1115 α
319 1051 359 1116 V.
379 1091 421 1100 -
439 1055 546 1136 ἤγουν
571 1054 649 1121 δέκα
701 1056 886 1145 ἡγούμεναι
901 1063 945 1142 ὡς
959 1068 1184 1148 βελτίονες.-

165 1158 417 1242 ιιροηγούμεναι
444 1173 512 1226 τῶν
537 1162 649 1228 ἄλλων

166 1261 206 1326 V.
239 1300 282 1308 —
317 1266 387 1351 ἰδία
410 1265 542 1332 VBGL
579 1268 649 1354 (καὶ

165 1367 233 1431 ἰδία
253 1368 292 1450 V,
321 1371 391 1434 ἰδία
411 1372 479 1456 GL,
507 1375 576 1439 ἴδια
595 1374 646 1460 Β).

163 1480 389 1560 -ιιρωτίστῆ
405 1479 443 1544 V.
477 1479 533 1546 καὶ
546 1505 646 1566 κεχω-

162 1581 301 1664 ρισμένῆ
317 1583 359 1646 Η.
378 1621 419 1632 -
439 1587 506 1651 344
523 1586 643 1674 Ξέρξῃ]

160 1693 206 1772 τῷ
221 1687 260 1751 V.
281 1726 320 1734 -
342 1692 495 1772 γινώσκω
512 1693 583 1758 VL.
605 1733 640 1741 —

160 1793 227 1857 345
242 1796 439 1879 ἔφερεῆ.-
458 1801 496 1863 αῖ
512 1798 644 1886 ἐπαιρό-
730 1883 732 1887 ,

159 1921 257 1981 μεναι
289 1899 345 1964 καὶ
379 1908 642 1990 μεγαλαυχούμε·
736 1933 739 1940 ’

157 2029 214 2069 ναι
224 2003 505 2092 (μεγαλαυόμεναι
516 2011 642 2099 eod.)V.

158 2145 200 2157 -
221 2113 259 2175 αι’
273 2115 450 2196 ταχύταται
467 2117 507 2180 Η.
534 2120 641 2201 ἤγουν

155 2229 282 2302 ταχεῖαι
295 2219 491 2307 ἡγούμεναι,
505 2227 542 2288 αἳ
554 2221 640 2308 ἤσαν

154 2334 223 2390 τῶν
245 2319 440 2410 Αἰγινητῶν
457 2328 494 2393 G.
522 2367 560 2377 —
586 2332 639 2395 τά·

153 2435 216 2514 χει]
235 2442 280 2520 τῷ
296 2434 373 2499 VH.
387 2472 432 2482 -
446 2437 511 2502 346
529 2439 637 2521 ἤγουν
691 2443 756 2508 346
772 2441 822 2524 σζ’
839 2446 877 2510 αἰ
893 2447 1037 2532 ἄρισται·
1055 2451 1076 2536 ἤ
1091 2452 1173 2538 σιὸ’,

153 2536 203 2616 σζ’
238 2540 257 2623 ἤ
291 2538 361 2606 σι3’
399 2539 521 2628 (ἤγουν
556 2542 630 2624 σ’ζ“
690 2549 746 2615 ἵνα
765 2541 787 2637 ἤ
805 2554 842 2619 τὸ
863 2552 915 2631 δὶς
934 2555 969 2620 ἐκ
987 2568 1172 2626 κοινοῦ.-

153 2668 250 2729 super
279 2645 397 2712 ἑκατὸν
426 2645 479 2726 δὶς
511 2655 543 2714 et
572 2655 636 2717 σὺν

151 2773 248 2836 super
272 2751 352 2818 ἑκτά
374 2751 411 2818 θ’
435 2756 517 2841 cod.)
537 2757 576 2823 V.
594 2797 632 2806 —

123 2859 231 2922 κατὰ
264 2869 382 2925 κοινοῦ
411 2863 449 2926 τὸ
485 2864 552 2945 δίς,
585 2864 630 2929 ἵν’

149 2954 170 3048 ᾖ
195 2967 363 3031 διακόσιαι
387 2965 435 3033 co?
461 2969 496 3034 Β.
522 2972 633 3038 διακό-

149 3087 219 3135 σιαι
238 3073 272 3137 L.
291 3066 332 3120 ⁰-
361 3075 466 3152 οὕτως
485 3076 525 3142 Η.
544 3116 589 3126 -
613 3078 631 3144 ὁ

147 3176 188 3240 Η·
217 3215 253 3224 -
280 3184 373 3264 νήνι
400 3182 439 3246 V·
465 3221 502 3231 -

147 3285 211 3349 347
233 3285 298 3350 ὑκό
320 3305 382 3352 σου
402 3288 440 3355 V.
460 3327 503 3336 —
526 3293 629 3378 ταύτῃ

145 3390 185 3454 V.
234 3430 271 3439 -
324 3392 509 3480 ἡττηθῆναι
555 3398 628 3466 VG.

144 3505 354 3584 κρατηθῆναι
377 3499 454 3566 VH.
493 3541 534 3550 -—
571 3505 627 3570 καὶ
