2626 3870
531 189 570 240 IN
588 188 620 243 V.
641 189 790 242 143-160.

152 345 352 432 ἐστερημένη
367 357 428 413 τοῦ
444 345 549 435 (ἰδίου
563 349 633 414 add.

152 455 198 543 V)
218 453 427 542 6v6063VH.
469 456 550 520 ἄνευ
573 465 634 521 τοῦ

152 562 277 648 ἀνδρὸς
321 561 358 627 ἐν
399 559 494 626 νυκτὶ
538 557 633 646 οὖσα,

153 664 288 753 τρὸςδὲ
302 669 339 734 τὸ
353 672 457 754 μονόζ
441 669 509 749 gv&
526 672 633 754 ἤγουν

153 774 353 861 ἐστερημένη
373 775 551 862 6v6963L
581 776 633 843 ἐν·

152 881 308 966 ατίμεινε
348 885 456 967 ἤγουν
502 883 633 970 ἐστερη-

153 987 235 1073 μένη
268 989 395 1073 ἀνδρὸς
431 993 517 1075 μόνη
551 993 633 1056 κατὰ

152 1097 212 1160 τὸν
236 1097 336 1178 ζυγὸν
359 1095 396 1161 G.
418 1133 457 1143 -

152 1204 217 1269 143
240 1201 402 1288 φέρεταί
424 1201 536 1289 (super
559 1205 632 1288 ἄγε·
750 1201 754 1208 ’

151 1307 224 1397 nt).
240 1345 282 1356 -
299 1305 375 1376 6V.
390 1347 434 1357 -
447 1313 632 1396 καθήμενοι

150 1416 191 1481 V.
210 1455 254 1482 -.
279 1417 344 1481 144
366 1417 509 1482 παλαιὸν
527 1416 567 1482 V.
591 1455 629 1464 —
688 1416 768 1497 [144
791 1413 907 1500 στίος]

153 1524 218 1590 145
241 1525 384 1607 συνετὴν
394 1523 434 1588 V.
452 1561 493 1570 -
513 1525 632 1609 φρόνι-

150 1629 310 1714 μον1ί.-
325 1631 389 1695 146
403 1630 632 1715 αοιήσαμενῑῑ
688 1629 751 1694 146
784 1628 802 1694 6
834 1627 875 1694 δέ
900 1627 975 1695 ἀντὶ
1001 1638 1062 1695 τοῦ
1089 1630 1167 1715 γάρ·

152 1735 386 1824 (ποιησώμεθα
419 1733 511 1823 eod.).
534 1773 579 1785 -
610 1737 631 1820 ἡ
685 1734 706 1818 ἡ
751 1736 815 1819 γὰρ
860 1740 955 1822 χρεία
996 1746 1167 1822 προσῆκον

151 1847 246 1929 χρεία
263 1845 328 1928 γὰρ
342 1841 398 1909 καὶ
414 1843 432 1908 6
447 1845 561 1927 καιρὸς
573 1852 632 1928 τῆς
685 1851 774 1907 ποιεῖ
799 1844 837 1908 τὸ
867 1844 1099 1926 βουλεύεσθαι.
1125 1883 1164 1892 -

149 1950 296 2035 ἀνάγκης
314 1959 484 2036 προσῆκον
502 1948 558 2015 καί
575 1950 630 2036 ἁρ-

150 2059 271 2141 μόδιον
303 2069 394 2122 ποιεῖ
423 2058 460 2122 τὸ
495 2058 631 2139 βουλεύ-

150 2170 250 2230 εσθαι
265 2164 305 2229 V.
324 2201 368 2212 —

152 2398 215 2462 147
236 2395 254 2460 6
268 2403 329 2460 τοῦ
343 2399 493 2480 Δαρείου
507 2395 580 2472 υίὸς
590 2394 629 2461 V.

149 2503 264 2568 -148
276 2501 327 2566 ὅτι
340 2503 422 2567 κατὰ
436 2503 495 2567 τὸν
506 2500 630 2588 πατέρα
687 2505 749 2570 148
774 2505 825 2570 ὅτι
843 2505 925 2570 κατὰ
941 2505 1065 2591 πατέρα
1085 2523 1165 2590 συγ-

150 2609 231 2695 ἡμϊν
255 2609 419 2700 συγγενὴς
432 2607 471 2674 V.
493 2645 531 2657 --
683 2611 783 2695 γενὴς
813 2611 905 2696 ἡμῖν,
941 2609 1112 2678 τουτέστιν
1146 2613 1165 2678 6

685 2716 721 2782 ἐκ
743 2719 914 2803 προγόνου
938 2720 1107 2802 ίθαγενής.
1122 2755 1165 2766 --

151 3337 216 3404 150
240 3332 303 3420 ἆρα
312 3336 353 3402 V.
366 3375 404 3385 -
421 3338 554 3421 κίνημα,
574 3336 629 3420 ὁρ.

6 3415 12 3446 r
150 3444 194 3528 μὴ
202 3442 241 3510 V.
255 3481 292 3490 -
306 3441 369 3508 ἀπὸ
383 3455 451 3510 τῶν
466 3443 578 3510 ὅπλον
589 3444 629 3509 Η.

152 3587 189 3596 -
207 3551 244 3614 τὸ
263 3547 378 3636 νικῶν]
399 3553 478 3628 τοὺς
494 3550 628 3628 ὁπλίτας
