2642 3872
509 160 546 212 IN
566 161 598 214 V.
618 165 768 216 326—334.

130 309 253 395 ἔφθιτο
286 314 387 382 BGL.
421 355 458 366 -
495 319 512 385 ὁ
546 320 609 388 ἀπὸ

128 421 266 496 Μανίας
280 420 390 490 VBG.
408 460 449 472 -
472 426 536 494 326
560 430 608 510 τε]

128 523 182 590 καί
207 526 285 594 ὁλῙ.
306 565 352 578 -
374 531 481 614 ίίγαυν
504 531 554 600 ον’
569 533 612 600 V.

127 633 235 714 ἤγουν
272 635 454 704 διακοσίων
492 643 612 725 κεντή-

127 761 230 804 κοντα
253 739 355 808 BGL.
382 781 419 790 -
446 747 509 811 327
534 747 608 833 ἡγε-

126 846 199 928 μὼν
215 845 256 913 V.
284 845 485 933 ἀρχηνὸςλλ
515 855 609 935 βιαι-

125 953 202 1029 λεὺς
224 953 361 1038 ἡγεμὼν
375 955 410 1022 L.
432 994 470 1004 -
495 956 605 1042 γένος]

124 1061 207 1124 κατὰ
225 1060 263 1126 V.
284 1099 326 1108 —
351 1061 368 1127 ὁ
393 1061 456 1130 ἀπὸ
479 1067 605 1144 πόλεως
660 1069 724 1136 327
749 1067 812 1137 ἀπὸ
835 1058 969 1152 πόλιας.
991 1112 1029 1122 -

124 1166 261 1253 Λύρνης
284 1167 323 1232 V.
368 1171 488 1256 Λύρνα
511 1175 606 1251 πόλις

124 1273 161 1340 G.
183 1313 220 1322 -
247 1275 452 1362 ὡραϊοςλίλι.
473 1316 513 1324 -
539 1281 604 1346 328

123 1381 242 1458 ἄθλιος
256 1381 328 1448 VL.
348 1421 390 1430 —
414 1386 492 1449 λίαν
506 1385 544 1449 V.
562 1423 600 1432 —

122 1485 208 1554 ἀλλὰ
234 1489 404 1576 δυστυχῶς
424 1489 510 1557 VBL
532 1488 602 1578 (day-

121 1597 237 1660 λονόνι
253 1593 311 1660 καλ.
329 1595 457 1674 ἀκλεῶς,
472 1597 547 1664 οιλιλ.
562 1598 605 1682 V,

120 1721 155 1764 τε
174 1697 252 1785 παρ’
275 1701 369 1782 ἀξίαν
394 1703 465 1770 add.
484 1705 519 1789 L,
546 1703 601 1770 καὶ

119 1809 210 1891 παρὰ
217 1809 279 1890 πὴν
289 1808 396 1888 ἀξίαν·
408 1810 449 1876 οὗ
458 1812 522 1897 γὰρ
533 1813 601 1878 ἔδει

119 1917 187 1977 κτλ.
208 1914 295 1994 [vide
311 1915 386 1996 Dd.]
406 1916 476 1981 add:
491 1917 542 2002 B).
558 1955 599 1964 -

120 2019 184 2084 329
217 2017 412 2103 Συέννεσις]
448 2021 466 2087 ὁ
492 2023 532 2089 V.
555 2061 600 2070 -

118 2129 166 2207 τε]
195 2124 251 2191 καὶ
274 2126 313 2192 V.
339 2165 376 2174 -
407 2130 514 2212 ἤγουν
541 2130 599 2196 ἀν-

120 2234 308 2318 δρειότατος
322 2234 361 2301 V.
379 2273 416 2282 —
439 2235 598 2322 ἀνδρείαν

117 2339 194 2404 VH.
218 2340 360 2428 ἀνδρίαν
376 2341 443 2409 GL.
464 2382 507 2390 —
531 2346 597 2412 330

118 2450 280 2528 Κιλίκων]
326 2459 393 2514 τῶν
431 2450 509 2516 VH.
555 2489 597 2499 -

116 2551 249 2638 ἡγεμὼν
266 2554 344 2621 VH.
367 2592 405 2604 -·
431 2548 480 2633 οἷς.
496 2556 596 2644 ἀνὴρ]
653 2561 720 2628 330
741 2560 873 2648 ἡγεμὼν
897 2561 981 2652 (gl.).
999 2603 1044 2615 -

118 2659 167 2726 ὧν
197 2662 357 2744 δηλονότι
383 2661 423 2728 V.
457 2700 500 2712 -
531 2666 596 2732 331

116 2765 263 2852 ἐχθροίς]
288 2779 361 2845 τοῖς
380 2769 420 2836 V.
443 2808 487 2816 —
513 2770 596 2836 ίνιί-

115 2897 185 2954 μιος
214 2874 254 2940 V.
300 2873 444 2957 ἐνὰιλξας
475 2876 519 2944 Η.
554 2914 593 2928 -

116 2977 248 3066 ἐφθάρη
264 2982 299 3046 L.
325 2980 381 3050 καλ
405 2983 538 3068 ἐφθάρη
554 2985 596 3050 V.

119 3123 153 3134 -·
190 3089 255 3155 332
287 3090 449 3156 τοιούτοιν
479 3090 519 3156 V.
554 3129 593 3141 -

115 3193 179 3258 333
216 3206 327 3259 κακῶν
364 3196 521 3278 δηλονότι
554 3197 618 3264 λί.’
649 3201 715 3268 333
739 3205 842 3269 λείπει
864 3206 901 3270 τὸ
924 3217 1044 3274 κακῶν.
1067 3247 1104 3256 -

114 3309 224 3368 κακῶν
238 3299 276 3367 G.
299 3312 366 3368 τῶν
385 3304 591 3370 nauffi—

115 3405 179 3472 334
203 3414 271 3494 φεῦ
291 3407 363 3476 Vh.
395 3447 433 3457 —
468 3416 594 3494 κακῶν]
648 3414 714 3480 334
738 3417 888 3502 ἰαμβικὸς
911 3417 1125 3506 ὅστίχοςπ-

114 3511 208 3580 ἕνεκα
233 3515 272 3580 V.
294 3553 339 3564 -
363 3515 500 3600 μέγιστοι
523 3517 592 3584 VH
879 3522 882 3530 ’
