2642 3872
572 191 610 242 IN
628 191 661 242 V.
681 193 832 246 518-525.

194 351 370 444 (ἐπέβαλαν
410 350 451 436 L,
497 351 674 437 ἐνέβαλλεν

194 457 250 546 Β),
287 465 363 525 ante
395 459 473 526 hoc:
511 457 675 544 ἐπέθηκεν

194 563 367 650 (ἐνέθηκεν
391 564 427 651 L,
440 565 596 650 -ίπίθηκε
621 564 673 652 G).

197 672 308 738 -518
323 671 587 759 δυσκατέργαστα
596 672 674 738 VH.

196 815 234 825 -
259 779 341 864 τύχη
365 779 406 844 Η.
433 817 470 826 -
502 781 579 844 λίαν
601 778 673 844 VL.

197 886 316 950 -519
336 887 393 951 διὰ
406 896 474 951 τῶν
488 886 528 952 V.
552 885 589 951 ἐν
603 897 674 964 τοῖς

192 989 292 1058 ποσὶν
307 991 348 1057 Η.
365 1030 406 1040 -
425 993 591 1077 ίαήδησας
604 992 673 1058 VH

193 1096 267 1187 (scr.
291 1099 525 1187 ἐπενήδησας).

192 1418 258 1485 520
272 1427 338 1503 φεῦ
351 1419 392 1485 V.
407 1457 450 1466 -
466 1420 562 1486 ἕνεκα
576 1443 673 1504 super
727 1419 793 1486 520
806 1420 1060 1507 πεφονευμένου
1070 1418 1154 1508 (gh).
1165 1459 1203 1472 -

192 1525 278 1611 quod
332 1525 586 1611 πεφονευμένον
631 1525 671 1592 V.

191 1633 271 1716 μετὰ
298 1636 438 1717 μόχθων
467 1632 672 1718 πεφονευμέ-

190 1762 254 1806 νον
278 1740 318 1805 Η.
340 1777 378 1787 -
403 1749 464 1805 τοῦ
483 1740 523 1806 V.
541 1777 586 1788 -
609 1765 672 1824 φα-

190 1848 271 1932 νερὰ
298 1845 376 1912 VH.
403 1883 441 1894 -
471 1857 538 1911 τῶν
566 1846 604 1912 V.
628 1883 672 1896 -

190 1955 257 2021 522
280 1957 357 2019 λίαν
372 1953 442 2019 VL.
458 1991 500 2000 -
518 1963 672 2039 φανερῶς

189 2061 225 2128 L.
254 2062 384 2146 φανερὰ
407 2059 447 2125 V.
476 2057 671 2144 *ἐφανέρω-

190 2183 251 2245 σας
274 2167 345 2234 VL.
372 2203 410 2216 -

190 2275 255 2340 523
281 2274 388 2359 ὑμεῖς]
412 2269 438 2339 ὧ
461 2269 539 2358 χορὲ
563 2271 604 2336 Η.
630 2309 668 2318 -
727 2272 791 2339 523
811 2271 874 2338 οὐκ
892 2270 1035 2356 ἀληθῶς.
1049 2309 1093 2321 -
1108 2271 1204 2339 αὐτα·

189 2392 311 2464 κακῶς,
344 2382 477 2460 ψευδῶς
509 2379 550 2445 Η.
589 2378 671 2464 ἅμα·
726 2377 800 2448 ἀντὶ
822 2387 884 2446 τοῦ
910 2380 950 2446 τὰ
976 2379 1138 2466 ὀνείρατα.
1165 2417 1203 2428 -

189 2494 260 2565 θῶς
291 2487 331 2553 V.
364 2525 407 2535 ·-
441 2487 526 2553 αὐτὰ
553 2485 593 2553 V.
630 2525 668 2535 -

190 2598 266 2660 λίαν
290 2594 361 2660 VL.
385 2633 428 2642 -

188 3341 254 3406 524
287 3341 392 3416 οὕτως
420 3339 596 3406 VHBGL.
626 3377 667 3386 -
724 3339 790 3405 524
816 3339 837 3423 ἡ
861 3338 955 3423 ὑμῶν
977 3342 1085 3425 κρίσις
1107 3339 1127 3422 ἡ
1152 3335 1202 3403 λέ-

187 3445 387 3531 ίβεβαίασεν
401 3446 421 3530 ἡ
436 3445 526 3512 Η.-
537 3445 668 3531 *ἤγουν
722 3447 830 3531 ναυσί
853 3470 910 3531 μοι
929 3445 1090 3525 εὔξασθαι
1108 3451 1204 3522 θεοῖς

186 3553 207 3637 ἡ
231 3556 338 3641 κρίσις
360 3553 401 3618 V.
425 3591 468 3600 —
492 3555 558 3620 525
586 3556 669 3638 πρὸς
722 3551 778 3620 καὶ
793 3556 936 3643 Δαρείῳ.
955 3590 1000 3600 -

990 3655 1043 3712 w
