2628 3892
549 167 760 219 PRAEFATIO.
1092 169 1166 221 XLV

210 327 368 412 Notatur,
400 348 482 412 queo
513 339 780 413 αεριφραστικῶς
811 329 851 393 ab
879 329 1045 415 Aeschylo
1078 330 1165 396 dioto

147 436 228 501 sint:

217 541 284 608 soh.
302 540 337 606 M
356 539 443 630 Sept
458 542 533 608 354.
546 542 623 608 475.
636 542 711 608 541.
727 544 800 609 607.
828 543 889 628 Ag.
904 545 981 608 491.
1005 541 1083 608 05ο.
1099 542 1164 609 656

148 647 248 736 (κατὰ
256 651 459 734 περίφρασιν
467 647 754 733 soh.MSept.551.
775 647 1167 737 Supp1.723.0h0.584).

218 756 283 820 sein
307 754 342 819 M
361 755 456 822 Pers..
469 757 534 821 720
560 755 598 821 τὸ
626 755 780 840 tutona,
810 765 1077 842 αεριφραστικῶς
1104 758 1166 841 τὴν

150 861 300 946 ἤπειρον.
338 859 377 926 cf.
402 861 466 928 soh.
485 862 517 926 A
543 870 601 946 τῆς
623 872 683 947 γῆς
706 863 743 928 τὸ
767 863 812 945 tt,
840 875 1105 949 περιφραστικῶς
1129 860 1166 928 δὲ

150 968 214 1052 τὴν
236 975 301 1051 γῆν
324 977 392 1032 τῶν
415 971 558 1052 Περσῶν
580 985 664 1053 φησι
687 979 806 1036 πᾶσαν.

219 1074 287 1139 005.
305 1074 340 1139 M
358 1073 446 1140 Pers.
466 1077 530 1142 368
554 1077 636 1140 κατὰ
659 1083 862 1162 περίφρασιν
884 1077 945 1143 τὸν
968 1075 1099 1162 αἰθέρα.
1127 1077 1168 1143 of.

221 1181 287 1246 soh.
306 1181 416 1247 A358
436 1183 473 1247 τὸ
493 1180 628 1268 τέμενος
649 1191 711 1248 τοῦ
729 1183 875 1270 αἰθέρος,
899 1193 1166 1272 περιφραστικῶς

154 1287 258 1352 αὐτὸν
280 1288 340 1353 τὸν
363 1287 493 1374 αἰθέρα.

219 1393 285 1460 005.
303 1393 335 1460 Α
353 1395 418 1461 507
443 1395 461 1461 ὁ
480 1396 543 1480 γὰρ
562 1397 711 1482 λαμπρὸς
728 1397 849 1473 κύκλος
866 1405 927 1462 τοῦ
944 1395 1043 1480 ἡλίου
1062 1395 1170 1484 (περι-

151 1511 342 1584 φραστικῶς
369 1502 387 1568 ὁ
415 1502 524 1588 ἥλιος)
551 1501 686 1586 φλέγων
714 1508 782 1568 κτλ.
828 1503 867 1568 of.
891 1504 933 1588 gl.
957 1501 988 1566 V
1014 1504 1122 1586 ἤγουν
1150 1502 1168 1568 ὁ

152 1607 254 1690 ἥλιος.
279 1669 283 1675 .

220 1714 285 1779 005.
305 1715 335 1778 A
355 1715 419 1782 358
444 1726 513 1792 τοῖς
531 1717 784 1801 καταστρώμασι
802 1727 869 1780 τῶν
888 1726 985 1800 νεῶν,
1009 1737 1169 1802 περιφρα-

153 1831 273 1897 στικῶς
296 1831 367 1900 ταῖς
388 1827 523 1888 νανσίν.
1122 1878 1124 1882 .

221 1928 287 1994 005.
307 1928 335 1992 Α
355 1929 421 1994 920
443 1927 464 2014 ἣ
487 1931 525 1994 τὸ
548 1933 676 2014 κόσμον
700 1928 774 1996 ἀντὶ
796 1941 857 1996 τοῦ
880 1933 1049 2015 νεότητος,
1077 1951 1170 2015 περι-

153 2044 344 2122 φραστικῶς
366 2045 434 2100 τῶν
456 2033 545 2102 νέων
568 2036 703 2121 ἀνδρῶν
725 2035 781 2101 καὶ
803 2039 977 2119 γενναίων.

222 2141 305 2206 Tum
329 2143 415 2227 quod
439 2143 474 2207 in
494 2142 524 2208 V
548 2147 580 2207 06
598 2142 631 2208 H
655 2165 751 2228 super
773 2146 921 2226 βασιλεῖς
944 2143 1170 2226 scriptumest

154 2245 339 2334 (pertinens
363 2248 493 2334 quidem
517 2249 558 2313 ad
581 2249 760 2335 genuinum
784 2248 935 2335 βασιλῆς)
959 2271 988 2312 v.
1007 2249 1051 2313 24
1068 2243 1172 2312 Ἀιτι-

153 2365 230 2438 κῶς,
260 2355 346 2420 idem
377 2355 507 2421 obviem
521 2381 522 2385 ¹
538 2361 587 2421 est
616 2357 651 2420 in
682 2357 747 2422 soh.
766 2355 801 2421 Μ
822 2354 908 2439 Sept.
928 2356 1002 2421 102.
1021 2355 1086 2422 389
1115 2353 1171 2442 (06.

154 2461 220 2530 soh.
238 2460 274 2527 Μ
294 2459 382 2546 Sept.
402 2463 475 2528 629.
499 2461 578 2528 050.
598 2464 649 2530 73.
672 2463 766 2528 Eum.
786 2465 838 2528 32.
857 2463 932 2529 599.
954 2461 1062 2528 Prom.
1081 2459 1124 2550 3).

221 2568 304 2633 Tum
328 2569 364 2634 in
385 2568 421 2634 M
448 2569 573 2636 scholia
601 2593 620 2634 0
647 2571 890 2655 praepositione
919 2569 975 2633 6ιο6
1002 2568 1171 2653 incipiunt,

155 2675 246 2740 velut
265 2675 306 2740 ad
324 2674 411 2741 Pers.
433 2678 495 2740 747
517 2677 627 2742 διὰτὸ
647 2677 808 2761 ίδρύοθαι
832 2677 953 2741 αὐτόθι
972 2675 1057 2750 Διὸς
1081 2675 1172 2759 ἱερὸν

156 2781 349 2846 adnotatum
374 2785 433 2848 est.
470 2783 563 2859 Quod
586 2787 696 2848 autem
717 2783 917 2866 Byzantinus
938 2783 1000 2846 hoo
1019 2782 1067 2846 ita
1085 2803 1172 2846 oom-

156 2888 317 2953 mentorio
349 2909 407 2953 suo
437 2888 592 2974 intexuit,
624 2892 661 2953 ut
688 2887 843 2954 scriberet
872 2888 962 2971 ἱερὸν
991 2882 1029 2951 ot
1051 2889 1172 2952 τοῦτόν

159 3010 243 3079 φησι
267 2995 382 3061 διὰτὸ
405 2999 473 3060 κτλ.
517 2995 604 3061 haud
626 2995 737 3080 inepto
761 2994 902 3061 conicias
931 2994 1032 3059 verbo
1059 2994 1172 3060 scholii

18 3145 20 3190 ;
158 3101 264 3168 Α650
279 3103 387 3187 ὄχθον
403 3099 438 3167 δὲ
453 3103 631 3187 τοντᾶφον
644 3108 741 3168 καλελ
752 3103 808 3167 0ιά
821 3103 881 3168 τὸν
896 3099 1173 3187 ἄναχοοματισμὸν

157 3209 198 3273 ad
222 3209 392 3295 antiquum
416 3211 562 3275 scholion
585 3211 703 3296 redire,
728 3211 813 3296 quod
838 3212 909 3274 erat
933 3209 989 3274 διὰ
1011 3211 1070 3274 τὸν
1095 3209 1174 3274 ἀνα-

156 3319 378 3401 χωματισμόν.
437 3316 512 3382 Alio
543 3317 624 3384 5000
660 3320 738 3382 sunt
767 3317 930 3401 exemplo:
963 3317 1030 3384 soh.
1054 3319 1083 3382 A
1107 3318 1173 3382 500

157 3421 276 3504 ἁγνοῦ·
302 3423 358 3488 0ιά
379 3423 417 3488 τὸ
435 3423 588 3509 καθαρὸν
606 3421 660 3488 καὶ
681 3419 801 3499 Acestis
819 3423 1000 3506 φυλάττειν
1022 3423 1059 3488 τὸ
1078 3421 1171 3508 ὕδωρ

157 3525 271 3598 αὐτοῦ.
295 3527 361 3594 005.
379 3529 410 3593 A
430 3530 495 3594 620
515 3527 642 3613 ξανθῆς
661 3527 698 3595 δὲ
718 3529 773 3594 tao
795 3530 832 3594 τὸ
851 3530 889 3595 τὸ
909 3531 1052 3594 ὄπισθεν
1071 3526 1172 3614 μέρος
