2642 3864
504 168 544 220 IN
562 169 595 222 v.
614 171 764 222 azo-325.
884 223 886 228 ,
1076 165 1141 231 ’109

123 328 304 396 VHBGL.
329 367 370 376 -·
407 333 608 413 πολυπληθῆ
663 339 793 415 πυρρᾶς
815 330 999 413 γενειάδος·
1027 327 1083 395 καὶ
1105 331 1142 395 τὸ

126 438 167 503 V.
214 439 301 521 άγαν
336 438 536 519 πλήθουσαν
567 435 610 502 H.
665 436 751 520 ἑξῆς·
780 439 912 520 ἔτεγγον
940 434 1071 524 (τέγγεν
1095 433 1143 523 m)

124 545 256 628 πολλὴν
270 542 342 608 BG.
366 544 513 627 μεγάλην
530 547 610 608 πολ·
664 553 789 628 χρῶτα,
818 545 931 628 ἔβραχε
954 551 998 632 τῷ
1023 543 1144 628 αἵματι.

126 653 191 735 λην
230 649 349 735 (πολλὰ
386 647 469 736 cod.)
502 648 537 714 L.
566 686 609 696 -
665 687 707 696 —
726 695 728 700 ,
745 650 946 738 δασάτοιχον
983 648 1064 737 (gl.).
1100 687 1145 696 -

126 759 195 822 320
216 759 350 841 ἔβρεχεν
363 755 475 821 VHB.
497 759 610 842 ἔβραχε
665 757 727 822 321
744 757 865 840 Μάγος
883 756 1032 840 ἐθνικόν,
1046 755 1144 843 ’Ἁρα-

127 863 199 929 GL.
224 901 265 909 —
289 862 465 927 άλλάσοων
487 861 527 927 V.
559 863 610 928 ἐν·
665 867 724 947 βος
746 864 873 949 κύριον.
889 902 928 912 -

127 969 351 1054 αλ<λ>άσσιον
374 969 411 1034 G.
457 968 611 1034 ἐναλλάτ-

126 1101 199 1142 των
224 1076 292 1142 BL.
339 1077 611 1160 ὃιαλλοιούμενος

127 1183 171 1249 Η.
197 1220 235 1230 -
266 1185 388 1267 χρῶτα]
417 1185 487 1266 τὸν,
517 1205 612 1268 super

128 1291 218 1376 quod
237 1291 275 1355 τὸ
294 1301 388 1374 σῶμα
397 1289 437 1354 V.
461 1299 556 1373 σῶμα
569 1288 611 1353 H.

128 1435 173 1444 -
197 1394 254 1462 καὶ
277 1397 332 1462 διὰ
355 1399 466 1481 βαφῆς
483 1418 612 1482 πορφυ·

128 1511 193 1588 ρᾶς
210 1503 250 1569 V.
273 1504 438 1590 αι’ματηηιᾷ
456 1503 498 1568 H.
520 1541 558 1550 -

130 1611 197 1676 322
226 1609 290 1676 άπὸ
312 1610 354 1675 Η.
384 1648 422 1657 -
457 1608 512 1674 καὶ
539 1634 613 1696 τρα-
668 1611 734 1675 322
754 1608 772 1675 ὁ
791 1608 860 1674 ἐκεῖ
876 1608 1034 1674 ἀπελθὼν
1054 1607 1147 1692 (ἀτο-

129 1716 613 1802 χείαςν.-τετράὸ“ουςΒΘΙι.
669 1717 787 1782 θανὼν
799 1714 948 1803 Kirchh.)
963 1717 1148 1800 μετοικησει

131 1861 176 1870 -
201 1824 389 1907 ἐγκάτοικος
402 1823 444 1887 H.
467 1823 614 1906 γεγονὼς
667 1825 729 1908 την
757 1827 933 1907 Σαλαμῖνα
960 1824 1021 1906 τὴν
1050 1827 1149 1908 σκλη-
1178 1853 1181 1860 ·

133 1930 292 2014 δηλονότι
313 1929 354 1994 V.
386 1967 428 1976 -
467 1930 546 2011 ἐκεῖ]
577 1928 614 1994 ἐν
669 1930 733 2014 φάν
764 1926 820 1992 καὶ
852 1931 1012 2014 πετρώδη.
1038 1966 1083 1976 -
1112 1929 1148 1995 ἐν

130 2045 172 2121 τῇ
188 2041 314 2122 σκληρᾷ
325 2044 367 2120 γη
376 2036 415 2101 V.
429 2074 467 2082 -
481 2035 613 2121 ἐφθάρη
670 2039 838 2118 Σαλαμῖνι
861 2037 1072 2119 μετοικήσας,
1096 2035 1149 2100 εὐ·
1196 2107 1198 2112 ,

132 2141 276 2207 VHBL.
322 2128 472 2228 ἔφθαρτο
502 2141 540 2207 G.
571 2180 613 2189 —
668 2144 800 2225 φήμας·
823 2140 899 2226 παρ’
923 2142 1005 2208 ὅσον
1026 2141 1150 2207 άνυτό-

130 2251 199 2316 323
222 2250 400 2334 κοντάριον
414 2250 453 2315 V.
482 2288 517 2297 -
671 2263 817 2335 στροφος
831 2248 919 2338 αὐτῷ
934 2249 955 2333 ἡ
969 2251 1017 2326 εἰς
1026 2249 1151 2334 ταύτην

670 2357 793 2440 ἔφοδος
816 2353 852 2442 (η
871 2355 907 2421 ἐκ
925 2356 1047 2440 ταύτης
1067 2357 1151 2440 άφο-

669 2465 727 2540 θος
751 2463 797 2548 111)
821 2462 968 2547 γέγονεν.
991 2501 1028 2511 —-

134 2889 205 2954 324
226 2900 331 2954 κινῶν
354 2890 390 2954 G.
436 2885 492 2954 καὶ
514 2897 617 2952 κινῶν

136 2995 175 3060 V.
194 3033 230 3043 —
252 2995 406 3081 ἀνδρεῖος
415 2996 455 3061 V.
470 3033 512 3043 -
528 2995 618 3076 Σάρ-

136 3103 245 3183 δεσιν]
273 3099 339 3167 τισὶ
362 3099 444 3188 (τίσι
472 3103 556 3187 cod.)
576 3099 617 3166 H.

134 3245 181 3254 -
202 3207 268 3273 325
285 3207 425 3291 πένθος]
441 3207 473 3274 τὶ
486 3209 527 3274 Η.
548 3225 619 3273 στε-

136 3315 269 3398 ναγμὸν
291 3314 331 3380 V.
357 3351 395 3362 ·-
426 3315 629 3401 παρασχὼν]

136 3421 156 3486 ὁ
190 3420 231 3486 Η.
266 3458 305 3468 -
339 3418 392 3502 θ’]
428 3419 483 3487 καὶ
507 3422 546 3486 V.
579 3459 616 3468 -

139 3528 275 3614 ἐφθάρη
300 3528 456 3611 δηλονότι
474 3528 513 3593 V.
545 3551 618 3593 κατ-
