2642 3864
523 209 563 260 IN
581 209 612 260 V.
633 203 782 263 63'1-641.

143 371 208 435 631
235 365 260 434 ὦ
285 373 362 454 post
385 366 457 434 ἀλλ’
478 369 512 434 in
533 375 626 435 textu

144 475 184 540 V.
221 513 258 522 -
294 478 357 558 Γῆ]
392 474 477 559 λέγω
505 474 544 540 V.
585 511 623 522 -

142 583 209 648 632
229 580 284 647 καὶ
303 579 329 647 ὦ
348 582 514 647 Πλούτων
528 582 567 647 V.
586 620 622 628 -
661 661 664 666 ⁵

141 699 211 753 τῶν
234 699 363 774 νεκρῶν
378 689 417 753 V.
446 699 575 774 νεκρῶν
589 688 625 753 B.

141 805 211 859 τῶν
243 795 331 860 κοίτω
361 805 491 877 νεκρῶν
518 795 553 860 L.
585 833 622 842 —

141 901 209 966 633
224 900 289 966 ἀπὸ
304 901 382 986 (ὑπὸ
394 899 437 988 Β)
455 913 523 967 τῶν
537 902 624 966 udum

144 1006 246 1072 BGL.
288 1045 324 1054 -
369 1009 431 1091 τὴν
474 1014 625 1094 Δαρείου

143 1124 219 1179 ante
254 1115 365 1200 ψυχὴν
399 1117 433 1180 in
466 1121 557 1195 textu
585 1115 626 1180 V.

141 1221 204 1304 τὴν
227 1230 287 1287 τοῦ
305 1224 456 1304 Δαρείου
472 1221 541 1288 BL.
564 1231 625 1287 τοῦ

142 1331 292 1413 Δαρείου
311 1328 349 1394 G.
369 1365 410 1374 —
435 1329 502 1393 634
524 1329 625 1412 θερά-

142 1457 252 1518 πευμα
276 1433 314 1498 V.
351 1472 388 1482 -
428 1433 446 1500 6
482 1435 625 1519 Δαρεῖος

144 1542 301 1624 δηλονότι
327 1541 365 1608 V.
397 1579 438 1588 —
475 1541 530 1606 καὶ
552 1541 624 1607 ’ἕπε’-

139 1669 235 1712 κεινα
267 1648 403 1714 πάντων
427 1648 467 1714 V.
494 1687 531 1695 —
558 1650 624 1716 635

141 1757 294 1837 θνητῶν]
318 1754 382 1820 ἀπὸ
401 1755 441 1822 V.
468 1793 504 1802 —
531 1755 625 1834 τέλος

142 1859 182 1924 V·
205 1897 250 1906 .-

140 1967 207 2031 636
231 1961 400 2051 &paVGL
421 1966 500 2054 (ἄρα
515 1968 564 2056 L).
581 2007 622 2018 —

141 2073 255 2138 ἀκούει
280 2073 384 2139 VGL.
409 2085 453 2122 '-
487 2080 624 2162 μακαρί-

140 2183 211 2261 τας]
225 2203 246 2262 η
262 2203 358 2264 super
373 2184 548 2266 compend„
560 2205 622 2268 quo

142 2311 181 2363 ας
204 2288 274 2371 syll.
301 2288 421 2372 scripta
445 2295 495 2353 est
516 2289 555 2356 V.
582 2328 622 2338 -

140 2393 206 2472 637
232 2391 394 2471 *ἰσόθεος
415 2393 555 2461 VBGL.
580 2433 621 2443 -

140 2500 206 2565 638
227 2508 317 2584 σαφῆ
337 2499 376 2564 V.
396 2538 440 2547 -
460 2503 523 2568 639
542 2501 624 2588 ἐμοῦ

141 2607 299 2687 δηλονότι
329 2605 369 2672 V.
437 2599 625 2692 πέμνίοντος

142 2710 245 2777 BGL.
272 2750 310 2759 —
341 2717 494 2779 σκοτεινὰ
516 2715 556 2780 V.
584 2719 623 2781 τὰ

139 2821 274 2883 ποικίλα
302 2828 347 2907 τῷ
377 2822 494 2909 θρήνῳ
520 2821 622 2886 BGL.

8 2929 9 2934 ’
145 2963 181 2972 ·-
209 2927 274 2991 640
288 2929 465 3013 κακόφημα
480 2927 519 2992 V.
544 2929 623 2992 666-

140 3056 236 3116 φημα
261 3032 329 3098 GL.
369 3071 405 3078 -
446 3035 561 3120 φωνὰς
584 3035 623 3101 V.

141 3143 325 3224 φρονήματα
351 3139 454 3206 BGL.
486 3179 523 3189 —
557 3143 620 3208 641

141 3246 324 3327 διαβοάσω]
340 3270 360 3329 η
377 3269 473 3332 super
488 3249 544 3314 alt.
555 3248 623 3314 aV.

142 3351 622 3441 -ἀπὸτῶνκοίτυ(υίςΙ.633)

140 3457 181 3524 V.
204 3469 272 3524 τῶν
291 3459 356 3523 ὑπὸ
372 3458 446 3543 (scr.
461 3459 525 3526 ἀπὸ
540 3460 621 3550 τῶν)
666 3527 668 3530 ,

141 3566 229 3631 κάτω
253 3575 381 3650 νεκρῶν
405 3566 439 3630 L.
460 3605 501 3612 -

663 1010 744 1082 ι633
768 1010 829 1092 τὴν
852 1014 1008 1095 Δαρείου
1031 1048 1069 1058 -

678 1969 743 2034 636
763 1973 944 2053 μακαρίτης
963 1970 981 2035 6
1003 1971 1159 2056 τεθνεώς,

678 2076 837 2159 μακάριος
860 2075 878 2142 6
903 2081 975 2155 ζῶν.
996 2115 1037 2124 -

679 2930 744 2993 640
766 2927 962 3012 θρηνητικοί.
