2632 3878
582 159 738 212 SCHOLIA

218 429 297 508 [180
342 430 472 504 στείλας
495 428 650 511 στρατὸν]
680 425 830 492 τουτέστι
857 429 1034 511 κοσμήσας.
1080 426 1166 511 ὁμώ-

150 557 256 619 νυμος
278 533 342 616 γάρ
366 531 437 598 ἐστι
461 533 555 612 λέξις.
597 536 666 599 έστι
689 535 751 616 γὰρ
776 531 898 599 στέλλω
922 533 959 599 τὸ
980 544 1106 618 κοσμῶ,
1130 535 1167 613 έξ

150 635 191 705 οὗ
209 637 265 704 καὶ
284 642 394 724 στολή.
431 639 555 707 στέλλω
574 643 612 707 τὸ
632 644 812 725 φοβοῦμαι,
838 640 870 719 ἐξ
890 635 931 706 οὗ
949 639 1005 706 καὶ
1020 644 1166 724 συστολὴ

148 745 204 812 καὶ
235 746 414 830 ὑποστολη.
460 745 584 812 στέλλω
612 748 650 812 τὸ
680 747 785 831 πλέω,
819 746 852 825 ἐξ
883 743 924 812 οὗ
953 745 1009 812 καὶ
1038 751 1166 824 στόλος.

124 852 275 918 ιστέλλω
298 854 335 918 τὸ
361 852 563 937 ἀποστέλλω,
586 853 619 932 ἐξ
645 849 686 920 οὗ
709 852 764 919 καὶ
787 853 978 932 ἀπόστολος.
1025 855 1166 941 vulgoP.

149 960 198 1024 De
222 959 249 1024 Ο
273 959 345 1024 vide
368 961 389 1025 l.
409 961 443 1040 l.]

221 1125 236 1172 3
256 1114 356 1171 στέλλω
374 1117 406 1172 τὸ
426 1119 570 1190 φοβοῦμαι
590 1162 597 1175 .
618 1161 624 1173 .
643 1117 783 1186 θποστολή
801 1119 887 1188 vulgo
906 1133 960 1177 om,

218 2239 281 2304 188
320 2237 476 2320 ’Ἀνόρων
504 2239 522 2305 ό
541 2236 797 2322 Ἁλικαρνασεύς
821 2256 904 2324 φησι
926 2241 985 2305 τὸν
1006 2237 1164 2306 Ὠκεανὸν

147 2353 251 2429 γῆμαι
269 2346 505 2429 Πομφολύνην
528 2344 584 2411 καὶ
602 2349 833 2430 Παρθενόπην
855 2344 911 2412 καὶ
934 2358 1027 2431 σχεῖν
1046 2346 1083 2412 εἰι
1101 2344 1164 2432 μὲν

149 2453 375 2535 Παρθενόπης
394 2452 563 2535 Εὐρώπην
581 2451 636 2518 καλ
655 2449 803 2539 Θρᾴκην,
821 2451 858 2518 έιι
876 2450 914 2519 δὲ
932 2456 1164 2538 Πομφολύγης

145 2551 258 2623 Ἀσίαν
280 2555 336 2622 ιιαὶ
359 2560 504 2642 Λιβύην·
528 2556 586 2644 ἀφ’
610 2553 657 2624 ὧν
676 2561 734 2636 τὰς
752 2559 910 2646 ἠπείρους
928 2561 1163 2646 ὀνομασθῆναι

119 2662 365 2750 ισυμβέβηκεν.
409 2664 430 2748 ἡ
453 2675 538 2748 γοῦν
551 2664 695 2731 ’Ἄτοσσα
718 2685 803 2750 φησι
828 2668 890 2732 δύο
909 2679 1070 2750 γυναῖκας
1087 2666 1158 2734 κατ’

139 2774 230 2858 ,όναρ
254 2774 351 2855 ἰδεῖν,
373 2773 432 2850 τὰς
456 2774 517 2840 δύο
540 2773 698 2857 ἠπείρους
721 2775 853 2851 ταύτας·
878 2772 992 2840 Ἀσίαν
1015 2773 1071 2840 καὶ
1094 2775 1161 2840 Εὐ-

146 2882 272 2965 ρώπην.
317 2878 623 2966 vulgoP(Dd.)VH.
666 2879 714 2944 De
739 2879 766 2946 O
791 2881 863 2946 vide
886 2882 908 2946 l.
926 2883 946 2946 l.

219 3108 352 3163 Scholion
372 3109 402 3162 in
420 3109 447 3162 H
466 3109 506 3164 sic
525 3127 589 3164 cum
607 3109 735 3164 anteced.
750 3109 942 3164 coniunctum:
961 3109 1010 3164 καὶ
1028 3109 1162 3180 κασιγνή-

146 3199 197 3234 του
212 3179 274 3249 (sic)
292 3177 403 3250 γένους
424 3181 536 3249 ἀνδρῶν
558 3213 588 3220 -
609 3181 722 3250 ἀνδρῶν
737 3183 861 3234 otiamV
883 3214 914 3222 —
932 3179 1162 3251 Ἁλικαρνασσεὺς

146 3249 293 3320 vulgoDd.
319 3283 352 3292 -
381 3259 503 3322 θρῆμαι
520 3251 570 3307 τὸν
586 3249 623 3306 Ὠ.
644 3251 670 3304 Η
698 3283 731 3292 -
762 3253 962 3322 Παρθενόπην
982 3251 1007 3306 V
1026 3284 1059 3293 -
1084 3259 1161 3322 σχεῖν

147 3320 178 3378 δὲ
202 3340 254 3392 pro
277 3321 326 3376 παλ
350 3329 426 3392 σχεῖν
451 3322 572 3392 vulgofl
605 3355 636 3364 -
671 3317 702 3376 έιι
726 3322 777 3392 μὲν
801 3321 851 3378 οὖν
872 3323 1059 3395 Πομφολόηης
1083 3330 1161 3394 σχεῖν

143 3392 235 3449 Ἀσίαν
258 3392 307 3447 καλ
329 3393 447 3465 Λιβύην,
471 3389 502 3448 ἐκ
525 3392 557 3449 δὲ
575 3394 775 3463 Παρθενόπης
798 3395 938 3465 Εὐρώπην
962 3394 1011 3450 καὶ
1031 3393 1160 3470 Θρᾴκην·

147 3463 201 3536 ἀφ’
218 3461 257 3520 ὧν
278 3463 300 3515 V
322 3495 354 3504 -
375 3469 391 3517 3
411 3463 533 3534 εόρόπην
552 3463 578 3518 Η
599 3497 629 3505 -—
651 3473 667 3520 5
686 3466 842 3534 πεποίηκεν
862 3467 885 3520 V
