2642 3864
211 1255 277 1320 478
316 1252 375 1330 οὓς
397 1255 527 1337 πρόσθε
545 1253 739 1337 Μαραθῶνι
764 1253 945 1338 Μαραθὼν
965 1254 1053 1338 όρος,
1074 1252 1162 1318 ὅπου

144 1358 263 1428 πολλοὶ
285 1370 354 1426 τῶν
377 1361 557 1447 βαρβάρων
575 1359 760 1444 ἀπώλοντο,
785 1359 843 1438 οὓς
863 1359 881 1425 ό
901 1367 1046 1444 Δαρεῖος
1063 1364 1161 1425 πολε-

144 1477 246 1553 μῆσαι
278 1479 348 1546 τοῖς
383 1464 575 1553 Ἀθηναίοις
608 1466 794 1550 ἀπέστειλε,
830 1475 876 1554 τῷ
910 1465 1043 1554 ἀριθμῷ
1081 1463 1161 1532 ὡσεὶ

144 1574 308 1660 μυριάδας
331 1572 369 1640 λ’.
416 1572 469 1659 ἐφ’
496 1565 522 1661 ᾧ
546 1572 670 1659 Ξέρξης
697 1571 812 1658 μανεὶς
839 1571 895 1638 καὶ
922 1575 999 1650 τοὺς
1027 1570 1163 1658 Πέρσας

116 1682 269 1758 επόντας
300 1679 355 1746 καὶ
383 1683 462 1757 τοὺς
494 1680 558 1746 ἀπὸ
585 1691 653 1745 τῶν
680 1679 773 1766 πέριξ
801 1683 932 1746 πόλεων
960 1679 1162 1764 συναγαγὼν

145 1786 200 1853 καὶ
227 1789 370 1874 χρόνους
400 1786 479 1854 ὡσεὶ
507 1785 587 1854 δέκα
609 1778 946 1874 παρασκευασάμενος
970 1797 1042 1864 ταῖς
1061 1783 1162 1869 Ἀθή-
1238 1860 1245 1875 Ι

145 1919 221 1973 ναις
244 1883 486 1982 ἐπεχαρίαξεν.”

202 2054 474 2125 1Μαραθδινεοδο
494 2051 738 2124 όροςοιῐι.Ρειιιι·.
768 2083 800 2092 -
834 2058 849 2105 λ
874 2051 1035 2106 ἂπώλλοντο
1052 2049 1106 2104 VH
1126 2081 1162 2090 -

147 2123 162 2179 δ
177 2142 231 2180 om.
241 2124 298 2179 VH
309 2156 342 2166 -
353 2123 512 2195 πολεμήσας
526 2123 748 2194 (πολεμήσαντας
756 2122 793 2192 V)
807 2123 872 2186 τοὺς
883 2119 1048 2192 Ἀθηναίους
1061 2120 1118 2174 VH
1130 2153 1163 2162 -

146 2203 163 2250 4
181 2196 247 2260 τοὺς
265 2194 309 2252 Πό
327 2213 378 2260 σας
399 2195 509 2259 πάντας
531 2194 664 2258 καὶτοὺς
685 2211 739 2250 om.
753 2196 780 2250 H
813 2225 846 2236 ·-·
879 2200 895 2248 ό
915 2194 1082 2263 συναγαγὼν
1100 2198 1164 2256 ταῖς

144 2262 275 2335 Ἀθήναις
310 2217 480 2338 Ξπεηοορίαζε
517 2264 636 2337 ηρόνονς
672 2264 738 2321 ὡσεὶ
769 2263 839 2320 δέκα
880 2263 1164 2334 παρασκευαζόμενος

146 2338 301 2408 vulgoDd.‚
319 2337 375 2391 nisi
395 2339 471 2406 quod
489 2337 575 2406 vulgo
594 2337 680 2392 verba
699 2335 817 2408 χρόνοις
832 2380 838 2392 .
855 2353 997 2404 ,παρασια
1012 2335 1113 2391 desunt
1128 2366 1161 2376 -

148 2407 494 2534 θπαραῧιεναζόμενοςν
523 2441 556 2450 -
585 2407 699 2476 ἀθήνας
718 2409 907 2479 ότιεχορίαζεν
926 2407 951 2460 Η
972 2438 1003 2448 -
1025 2414 1039 2462 λ
1060 2402 1163 2477 ἐπεχω-

148 2482 245 2551 ριάσεν

215 2965 281 3030 483
292 2987 340 3048 sq.
385 2973 478 3028 ναῶν
506 2959 544 3028 δὲ
571 2960 680 3046 ταγοὶε
717 2963 753 3028 ολ
777 2960 873 3045 ταγοὶ
897 2960 1012 3027 δὲκαὶ
1035 2961 1165 3046 οίήγε-

150 3074 249 3156 μόνες
280 3081 348 3135 τῶν
380 3067 604 3154 λελειμμένων
635 3079 723 3135 νεῶν
756 3070 865 3152 σύδην
896 3066 952 3134 καὶ
980 3068 1166 3152 ὁρμητικῶς

151 3179 325 3261 αἱροῦνται
348 3177 462 3261 φυγήν
489 3171 561 3241 κατ’
588 3171 693 3260 οὖρον
722 3176 784 3240 οὐκ
807 3175 983 3260 εὔκοσμον,
1006 3176 1080 3258 ήτοι
1103 3176 1165 3240 οὐκ

150 3284 187 3350 ἐν
215 3282 388 3370 ἐπιτηδείῳ
416 3289 520 3370 καιρῷ
549 3291 659 3366 φυγῆς
687 3281 881 3365 ἐδράξαντο·
913 3293 1077 3364 τροπικῶς
1101 3281 1165 3347 ἀπὸ

241 3447 255 3494 1
283 3438 418 3510 ήηεμόνες
450 3439 510 3494 sine
538 3443 590 3493 art.
614 3438 641 3491 H
671 3469 702 3478 -
731 3444 747 3492 2
770 3446 847 3506 νηῶν
866 3437 900 3504 V,
932 3446 987 3492 τῶν
1010 3447 1086 3508 νηῶν
1109 3447 1166 3493 τῶν

150 3509 307 3638 λεηομένιον
322 3512 347 3566 Η
363 3542 395 3551 -
416 3517 431 3564 3
452 3516 554 3580 φορεῖν
566 3510 591 3564 V
605 3539 640 3550 -—
659 3517 676 3564 4
694 3525 745 3579 pro
761 3515 852 3578 φυγῆς
872 3507 1038 3578 ἐδράξαντοι
1059 3508 1167 3579 ἔφαγον

148 3602 186 3639 vu
199 3601 235 3653 go
257 3613 288 3623 -
