2642 3872
171 151 236 216 126
444 232 447 238 ¹
602 155 759 209 SOHOLIA

170 312 214 379 δι’
238 311 279 381 οὗ
303 317 528 401 δεσμεύονται.
574 317 594 402 ἡ
619 317 736 396 οὕτως·
763 316 849 403 ἀμφὶ
872 319 931 383 τὸν
954 319 1102 403 σκαλμὸν
1125 319 1188 382 τὸν

169 421 351 508 εὐήρετμον
384 423 564 510 ε’τροποῦτο
602 423 658 490 καὶ
696 426 751 489 διὰ
787 434 848 501 τοῦ
880 431 1092 512 τροπωτῆρος
1122 426 1187 508 τὴυ

167 529 283 614 κώπην
306 530 492 616 ἐδέσμευεν.
771 531 772 534 “

232 1329 354 1414 380sq.
401 1329 470 1396 ἐπεὶ
503 1327 541 1395 δὲ
573 1329 710 1415 φέγγοςε
743 1328 812 1395 ἐπεὶ
846 1327 883 1394 δέ
912 1329 1093 1414 κατέφθιτο
1123 1329 1180 1394 καὶ

120 1523 121 1526 ¹
163 1438 357 1522 πατεφθάρη
385 1440 423 1503 τὸ
451 1447 511 1502 τοῦ
538 1437 636 1520 ἡλίου
664 1436 802 1521 φέγγος,
830 1439 937 1520 ἤγουν
960 1443 1133 1521 παρῆλθεν
1149 1436 1178 1520 ἡ

161 1541 267 1627 ἡμέρα
290 1542 345 1608 καὶ
368 1543 389 1627 ἡ
412 1545 473 1622 νὺξ
496 1545 632 1629 ἐπῆλθε,
655 1553 718 1620 πᾶς
736 1543 821 1627 άνὴρ
840 1547 952 1628 κώπης
970 1543 1052 1622 άναξ
1070 1545 1178 1628 ἤγουν

163 1648 180 1713 ὁ
205 1650 317 1732 άρχων
339 1659 397 1733 τῆς
419 1651 503 1726 νεὼς
526 1649 605 1734 (ἀπὸ
629 1649 751 1734 μέρους
773 1652 810 1715 τὸ
835 1649 930 1738 ὅλον)
949 1651 969 1735 ἤ
989 1651 1007 1717 ὁ
1026 1656 1177 1732 κωπηλα-

134 1765 228 1820 ττών
260 1765 323 1833 πᾶς
354 1779 389 1822 τε
421 1757 610 1840 ἐπιστήμων
642 1767 709 1822 τῶν
744 1757 856 1822 ὅπλων
888 1756 943 1822 καλ
977 1759 1178 1843 στρατιώτης

161 1863 330 1947 εἰσήρχετο
355 1866 402 1940 εἰς
423 1865 485 1946 τὴν
508 1873 604 1928 ναῦν.
651 1861 885 1950 0P(Dd.)VH.

233 2009 246 2056 1
267 2001 426 2073 κατέφθιτο
444 2003 494 2058 καὶ
512 2020 566 2058 om.
586 2002 611 2055 V
633 2033 669 2043 -
696 2011 711 2056 2
731 2003 794 2073 ἤτοι
812 2003 869 2056 VH
893 2036 927 2044 —
950 2007 1098 2072 παρῆλθεν
1120 2019 1176 2058 om.

137 2084 139 2088 ’
160 2071 182 2161 9
203 2091 235 2114 -·
256 2081 271 2128 3
291 2075 340 2129 καλ
358 2074 481 2166 νὺξκΒδ.
502 2070 681 2156 -ιέπῆλδεν
700 2075 730 2143 Ρ,
752 2071 944 2166 υτονέπῆλδμι
969 2072 1067 2146 ἐχώρει
1085 2073 1175 2144 ἤγουν

158 2144 356 2286 ρρχίεμῖρρῗοῶ
374 2157 400 2272 ᾖ
409 2166 504 2216 αρχοον
523 2163 584 2200 eme
604 2148 656 2202 art.
675 2146 729 2202 Dd.
750 2179 782 2188 -
802 2167 890 2218 ηγουν
910 2167 924 2202 ο
943 2152 1048 2216 κωπηλ.
1067 2146 1119 2200 Dd.
1141 2178 1170 2186 -

224 2876 289 2942 385
333 2874 389 2942 καὶ
421 2877 585 2962 πάννυχοι
618 2879 673 2962 δὴε
706 2876 762 2944 καὶ
795 2879 831 2943 οἱ
858 2878 1018 2961 ἡγεμόνες
1048 2875 1104 2942 καὶ
1137 2878 1174 2941 ολ

156 2983 312 3066 άρχοντες
334 2993 401 3048 τῶν
423 2995 511 3050 νεῶν
533 2986 699 3070 πάννυχοι
721 2983 776 3051 καλ
800 2982 844 3050 δι’
869 2986 948 3068 ὅλης
970 2994 1027 3068 τῆς
1049 2986 1170 3060 νυκτὸς

154 3092 363 3155 καθέστασαν
381 3171 382 3177 ρ
398 3089 453 3154 καὶ
491 3091 627 3158 ἐποίουν
664 3093 771 3157 πάντα
802 3094 862 3157 τὸν
893 3091 1053 3158 ναυτικὸν
1085 3093 1169 3156 λαὸν

155 3196 316 3262 διάπλοον
342 3197 398 3262 καὶ
422 3197 621 3263 διαπλέοντα
648 3201 709 3282 τὴν
735 3199 924 3281 θάλασσαν,
956 3201 1062 3282 ἤγουν
1086 3199 1168 3281 ὅλην

226 3323 240 3371 1
261 3317 311 3372 καὶ
329 3315 359 3372 ολ
374 3318 509 3389 ἡγεμόνες
528 3337 581 3374 om.
595 3290 648 3374 Dd.
670 3351 703 3360 -
728 3317 758 3374 οἱ
777 3322 843 3374 ante
867 3320 1001 3391 ἄρχοντες
1020 3336 1074 3372 om.
1088 3320 1114 3372 H
1134 3349 1167 3358 -

152 3429 168 3477 2
192 3423 313 3493 vncwa
336 3457 370 3466 —
406 3411 529 3495 πάνῆιχοι
547 3426 581 3494 V,
604 3424 745 3495 πάννυχοι
767 3442 821 3480 om.
840 3425 863 3480 P
882 3430 911 3481 et
934 3429 999 3492 Dd.‚
1026 3423 1167 3494 πάννυχοι

152 3495 201 3550 καλ
220 3512 274 3550 om.
289 3494 312 3550 0
327 3528 362 3537 -
381 3504 397 3550 3
416 3501 595 3552 καθίστασαν
614 3498 663 3550 καλ
682 3513 735 3550 om.
757 3497 779 3552 Ο
799 3498 901 3552 -τὸν
919 3496 1054 3564 ναυτικὸν
1071 3494 1166 3550 πάντα

153 3567 209 3621 VH
226 3598 261 3607 —
281 3573 298 3620 4
317 3566 455 3622 διάπλουν
470 3569 495 3622 V
509 3599 543 3607 —
561 3566 650 3638 ἤγουν
666 3613 671 3625 .
688 3610 694 3622 ,
708 3567 858 3624 θάλασσαν
877 3586 931 3624 om.
946 3567 999 3622 Dd.
1016 3599 1048 3607 -
