<?xml version="1.0" encoding="UTF-8"?>
<!DOCTYPE html PUBLIC "-//W3C//DTD XHTML 1.0 Transitional//EN"
    "http://www.w3.org/TR/xhtml1/DTD/xhtml1-transitional.dtd">
<html xmlns="http://www.w3.org/1999/xhtml" xml:lang="en" lang="en">
 <head>
  <title>
</title>
<meta http-equiv="Content-Type" content="text/html;charset=utf-8" />
  <meta name='ocr-system' content='tesseract 3.04.00' />
  <meta name='ocr-capabilities' content='ocr_page ocr_carea ocr_par ocr_line ocrx_word'/>
</head>
<body>
  <div class='ocr_page' id='page_1' title='image "./scholiainaeschy00dhgoog_0211.png"; bbox 0 0 2642 3872; ppageno 0'>
   <div class='ocr_carea' id='block_1_1' title="bbox 148 153 736 217">
    <p class='ocr_par' dir='ltr' id='par_1_1' title="bbox 148 153 736 217">
     <span class='ocr_line' id='line_1_1' title="bbox 148 153 736 217; baseline -0.017 0"><span class='ocrx_word' id='word_1_1' title='bbox 148 153 213 217; x_wconf 81' lang='lat'><em>226</em></span> <span class='ocrx_word' id='word_1_2' title='bbox 579 157 736 208; x_wconf 71' lang='lat' dir='ltr'>scflom</span> 
     </span>
    </p>
   </div>
   <div class='ocr_carea' id='block_1_2' title="bbox 120 314 1165 724">
    <p class='ocr_par' dir='ltr' id='par_1_2' title="bbox 148 314 1165 404">
     <span class='ocr_line' id='line_1_2' title="bbox 148 314 1165 404; baseline 0.001 -22"><span class='ocrx_word' id='word_1_3' title='bbox 148 314 204 382; x_wconf 85' lang='grc' dir='ltr'><em>καὶ</em></span> <span class='ocrx_word' id='word_1_4' title='bbox 226 319 374 402; x_wconf 82' lang='grc' dir='ltr'><em>λίπασμα</em></span> <span class='ocrx_word' id='word_1_5' title='bbox 396 317 417 402; x_wconf 82' lang='grc' dir='ltr'><em>ή</em></span> <span class='ocrx_word' id='word_1_6' title='bbox 445 321 587 403; x_wconf 85' lang='grc' dir='ltr'><em>πότισμα</em></span> <span class='ocrx_word' id='word_1_7' title='bbox 609 315 793 403; x_wconf 73' lang='grc' dir='ltr'><em>προσφιλὲς</em></span> <span class='ocrx_word' id='word_1_8' title='bbox 820 328 858 404; x_wconf 73' lang='grc' dir='ltr'><em>τῇ</em></span> <span class='ocrx_word' id='word_1_9' title='bbox 883 321 1039 384; x_wconf 78' lang='grc' dir='ltr'><em>Βοιωτῶν</em></span> <span class='ocrx_word' id='word_1_10' title='bbox 1063 316 1165 403; x_wconf 74' lang='grc' dir='ltr'><em>χθονὶ</em></span> 
     </span>
    </p>

    <p class='ocr_par' dir='ltr' id='par_1_3' title="bbox 147 422 1165 510">
     <span class='ocr_line' id='line_1_3' title="bbox 147 422 1165 510; baseline -0.001 -20"><span class='ocrx_word' id='word_1_11' title='bbox 147 422 203 490; x_wconf 85' lang='grc' dir='ltr'><em>καλ</em></span> <span class='ocrx_word' id='word_1_12' title='bbox 225 432 265 508; x_wconf 79' lang='grc' dir='ltr'><em>τῇ</em></span> <span class='ocrx_word' id='word_1_13' title='bbox 287 433 344 510; x_wconf 77' lang='grc' dir='ltr'><em>μή,</em></span> <span class='ocrx_word' id='word_1_14' title='bbox 374 425 481 508; x_wconf 79' lang='grc' dir='ltr'><em>ήγουν</em></span> <span class='ocrx_word' id='word_1_15' title='bbox 509 426 546 491; x_wconf 84' lang='grc' dir='ltr'><em>τὸ</em></span> <span class='ocrx_word' id='word_1_16' title='bbox 570 428 715 510; x_wconf 82' lang='grc' dir='ltr'><strong><em>λίπασμα</em></strong></span> <span class='ocrx_word' id='word_1_17' title='bbox 738 426 776 490; x_wconf 92' lang='grc' dir='ltr'><em>τὸ</em></span> <span class='ocrx_word' id='word_1_18' title='bbox 799 435 936 490; x_wconf 82' lang='grc' dir='ltr'><em>πιαίνον</em></span> <span class='ocrx_word' id='word_1_19' title='bbox 960 423 1016 490; x_wconf 79' lang='grc' dir='ltr'><em>καὶ</em></span> <span class='ocrx_word' id='word_1_20' title='bbox 1039 424 1165 510; x_wconf 81' lang='grc' dir='ltr'><strong><em>τρέφον</em></strong></span> 
     </span>
    </p>

    <p class='ocr_par' dir='ltr' id='par_1_4' title="bbox 120 530 1165 724">
     <span class='ocr_line' id='line_1_4' title="bbox 148 530 1165 617; baseline 0.001 -21"><span class='ocrx_word' id='word_1_21' title='bbox 148 531 263 614; x_wconf 86' lang='grc' dir='ltr'><em>αὐτήν,</em></span> <span class='ocrx_word' id='word_1_22' title='bbox 287 532 382 616; x_wconf 78' lang='grc' dir='ltr'><em>ἄρδει</em></span> <span class='ocrx_word' id='word_1_23' title='bbox 405 533 442 598; x_wconf 85' lang='grc' dir='ltr'><em>τὸ</em></span> <span class='ocrx_word' id='word_1_24' title='bbox 465 534 583 598; x_wconf 78' lang='grc' dir='ltr'><em>πεδίον</em></span> <span class='ocrx_word' id='word_1_25' title='bbox 605 530 660 597; x_wconf 78' lang='grc' dir='ltr'><em>καί</em></span> <span class='ocrx_word' id='word_1_26' title='bbox 683 534 745 617; x_wconf 85' lang='grc' dir='ltr'><em>τήν</em></span> <span class='ocrx_word' id='word_1_27' title='bbox 768 541 844 617; x_wconf 81' lang='grc' dir='ltr'><em>γῆν·</em></span> <span class='ocrx_word' id='word_1_28' title='bbox 868 530 943 598; x_wconf 78' lang='grc' dir='ltr'><em>ἀντὶ</em></span> <span class='ocrx_word' id='word_1_29' title='bbox 961 540 1021 596; x_wconf 85' lang='grc' dir='ltr'><em>τοῦ</em></span> <span class='ocrx_word' id='word_1_30' title='bbox 1041 535 1126 596; x_wconf 78' lang='grc' dir='ltr'><em>ἔνθα</em></span> <span class='ocrx_word' id='word_1_31' title='bbox 1146 531 1165 597; x_wconf 86' lang='grc' dir='ltr'>ὁ</span> 
     </span>
     <span class='ocr_line' id='line_1_5' title="bbox 120 636 976 724; baseline 0.002 -22"><span class='ocrx_word' id='word_1_32' title='bbox 120 636 291 715; x_wconf 81' lang='grc' dir='ltr'><em>5Ἀσωττὸς</em></span> <span class='ocrx_word' id='word_1_33' title='bbox 314 642 458 704; x_wconf 86' lang='grc' dir='ltr'><em>λιπαίνει</em></span> <span class='ocrx_word' id='word_1_34' title='bbox 481 641 542 722; x_wconf 84' lang='grc' dir='ltr'><em>τήν</em></span> <span class='ocrx_word' id='word_1_35' title='bbox 565 643 740 704; x_wconf 81' lang='grc' dir='ltr'><em>Βοιωτίαν.</em></span> <span class='ocrx_word' id='word_1_36' title='bbox 764 641 864 724; x_wconf 84' lang='lat' dir='ltr'>vulgo</span> <span class='ocrx_word' id='word_1_37' title='bbox 875 639 976 704; x_wconf 89' lang='lat' dir='ltr'><strong>Dd.V.</strong></span> 
     </span>
    </p>
   </div>
   <div class='ocr_carea' id='block_1_3' title="bbox 147 775 1166 1044">
    <p class='ocr_par' dir='ltr' id='par_1_5' title="bbox 147 775 1166 976">
     <span class='ocr_line' id='line_1_6' title="bbox 148 775 1166 850; baseline 0 -18"><span class='ocrx_word' id='word_1_38' title='bbox 148 778 232 833; x_wconf 69' lang='grc' dir='ltr'><em>λκαλ</em></span> <span class='ocrx_word' id='word_1_39' title='bbox 257 775 381 850; x_wconf 77' lang='grc' dir='ltr'><em>λίπασμα</em></span> <span class='ocrx_word' id='word_1_40' title='bbox 406 775 424 846; x_wconf 76' lang='grc' dir='ltr'>ἢ</span> <span class='ocrx_word' id='word_1_41' title='bbox 450 776 510 834; x_wconf 88' lang='grc' dir='ltr'><em>τότ,</em></span> <span class='ocrx_word' id='word_1_42' title='bbox 530 776 682 848; x_wconf 69' lang='grc' dir='ltr'><em>προσφιλὲς</em></span> <span class='ocrx_word' id='word_1_43' title='bbox 701 796 754 833; x_wconf 90' lang='lat' dir='ltr'><em>om.</em></span> <span class='ocrx_word' id='word_1_44' title='bbox 776 777 891 849; x_wconf 87' lang='lat' dir='ltr'><strong>vulgoV</strong></span> <span class='ocrx_word' id='word_1_45' title='bbox 924 810 958 819; x_wconf 93' lang='lat'><em>-</em></span> <span class='ocrx_word' id='word_1_46' title='bbox 995 785 1011 832; x_wconf 81' lang='lat'><strong>3</strong></span> <span class='ocrx_word' id='word_1_47' title='bbox 1036 785 1070 848; x_wconf 75' lang='grc' dir='ltr'><em>τῇ</em></span> <span class='ocrx_word' id='word_1_48' title='bbox 1097 779 1166 832; x_wconf 76' lang='lat' dir='ltr'>ante</span> 
     </span>
     <span class='ocr_line' id='line_1_7' title="bbox 147 848 1165 920; baseline -0.001 -16"><span class='ocrx_word' id='word_1_49' title='bbox 147 857 182 920; x_wconf 76' lang='grc' dir='ltr'><em>γῇ</em></span> <span class='ocrx_word' id='word_1_50' title='bbox 202 851 296 906; x_wconf 90' lang='lat' dir='ltr'><strong>om.V</strong></span> <span class='ocrx_word' id='word_1_51' title='bbox 320 881 352 890; x_wconf 89' lang='lat'>—</span> <span class='ocrx_word' id='word_1_52' title='bbox 381 849 470 920; x_wconf 80' lang='grc' dir='ltr'><em>ἥγοον</em></span> <span class='ocrx_word' id='word_1_53' title='bbox 487 893 509 906; x_wconf 94' lang='grc'><em>..</em></span> <span class='ocrx_word' id='word_1_54' title='bbox 525 849 614 918; x_wconf 80' lang='grc' dir='ltr'><em>αὐτήν</em></span> <span class='ocrx_word' id='word_1_55' title='bbox 638 867 690 906; x_wconf 86' lang='lat' dir='ltr'><em>om.</em></span> <span class='ocrx_word' id='word_1_56' title='bbox 706 850 777 918; x_wconf 90' lang='lat' dir='ltr'><strong>Dd.‚</strong></span> <span class='ocrx_word' id='word_1_57' title='bbox 804 848 867 918; x_wconf 81' lang='grc' dir='ltr'><em>ἤτοι</em></span> <span class='ocrx_word' id='word_1_58' title='bbox 885 849 916 904; x_wconf 89' lang='grc' dir='ltr'><em>τὸ</em></span> <span class='ocrx_word' id='word_1_59' title='bbox 935 851 1066 920; x_wconf 84' lang='grc' dir='ltr'><em>λείπισμα</em></span> <span class='ocrx_word' id='word_1_60' title='bbox 1085 848 1110 902; x_wconf 99' lang='lat' dir='ltr'><strong>V</strong></span> <span class='ocrx_word' id='word_1_61' title='bbox 1129 880 1165 889; x_wconf 97' lang='lat'><em>-</em></span> 
     </span>
     <span class='ocr_line' id='line_1_8' title="bbox 149 919 316 976; baseline -0.006 -1"><span class='ocrx_word' id='word_1_62' title='bbox 149 919 273 976; x_wconf 77' lang='grc' dir='ltr'><em>4αίιτόν</em></span> <span class='ocrx_word' id='word_1_63' title='bbox 290 921 316 974; x_wconf 92' lang='lat' dir='ltr'><strong>V</strong></span> 
     </span>
    </p>

    <p class='ocr_par' dir='ltr' id='par_1_6' title="bbox 632 1008 650 1044">
     <span class='ocr_line' id='line_1_9' title="bbox 632 1008 650 1044; baseline 0 0"><span class='ocrx_word' id='word_1_64' title='bbox 632 1008 650 1044; x_wconf 73' lang='grc' dir='ltr'><em>ο</em></span> 
     </span>
    </p>
   </div>
   <div class='ocr_carea' id='block_1_4' title="bbox 147 1081 1165 1384">
    <p class='ocr_par' dir='ltr' id='par_1_7' title="bbox 147 1081 1165 1384">
     <span class='ocr_line' id='line_1_10' title="bbox 215 1081 1165 1170; baseline -0.004 -20"><span class='ocrx_word' id='word_1_65' title='bbox 215 1085 279 1150; x_wconf 86' lang='grc'><em>809</em></span> <span class='ocrx_word' id='word_1_66' title='bbox 318 1083 403 1149; x_wconf 79' lang='grc' dir='ltr'><em>ὅπου</em></span> <span class='ocrx_word' id='word_1_67' title='bbox 422 1101 505 1168; x_wconf 86' lang='grc' dir='ltr'><em>σφιν</em></span> <span class='ocrx_word' id='word_1_68' title='bbox 523 1081 579 1148; x_wconf 82' lang='grc' dir='ltr'><em>καὶ</em></span> <span class='ocrx_word' id='word_1_69' title='bbox 593 1083 707 1160; x_wconf 83' lang='grc' dir='ltr'><em>αὐτοῖς</em></span> <span class='ocrx_word' id='word_1_70' title='bbox 724 1095 793 1160; x_wconf 74' lang='grc' dir='ltr'><em>τοῖς</em></span> <span class='ocrx_word' id='word_1_71' title='bbox 811 1085 993 1170; x_wconf 76' lang='grc' dir='ltr'><em>βαρβάροις</em></span> <span class='ocrx_word' id='word_1_72' title='bbox 1007 1082 1165 1168; x_wconf 80' lang='grc' dir='ltr'><em>ἀναμένει</em></span> 
     </span>
     <span class='ocr_line' id='line_1_11' title="bbox 147 1185 1163 1281; baseline -0.002 -25"><span class='ocrx_word' id='word_1_73' title='bbox 147 1198 271 1256; x_wconf 80' lang='grc' dir='ltr'><em>παθεῖν</em></span> <span class='ocrx_word' id='word_1_74' title='bbox 294 1191 334 1256; x_wconf 75' lang='grc' dir='ltr'><em>τὰ</em></span> <span class='ocrx_word' id='word_1_75' title='bbox 358 1189 495 1281; x_wconf 83' lang='grc' dir='ltr'><em>μέγιστα</em></span> <span class='ocrx_word' id='word_1_76' title='bbox 522 1202 589 1256; x_wconf 83' lang='grc' dir='ltr'><em>τῶν</em></span> <span class='ocrx_word' id='word_1_77' title='bbox 615 1201 727 1256; x_wconf 82' lang='grc' dir='ltr'><em>κακῶν</em></span> <span class='ocrx_word' id='word_1_78' title='bbox 751 1185 798 1256; x_wconf 84' lang='grc' dir='ltr'><em>ὧν</em></span> <span class='ocrx_word' id='word_1_79' title='bbox 823 1195 960 1257; x_wconf 79' lang='grc' dir='ltr'><em>ἔπαθον.</em></span> <span class='ocrx_word' id='word_1_80' title='bbox 984 1191 1015 1257; x_wconf 95' lang='lat' dir='ltr'><strong>V</strong></span> <span class='ocrx_word' id='word_1_81' title='bbox 1044 1189 1092 1275; x_wconf 87' lang='lat' dir='ltr'><em>(in</em></span> <span class='ocrx_word' id='word_1_82' title='bbox 1115 1191 1163 1254; x_wconf 88' lang='lat' dir='ltr'><em>in-</em></span> 
     </span>
     <span class='ocr_line' id='line_1_12' title="bbox 148 1297 931 1384; baseline 0 -22"><span class='ocrx_word' id='word_1_83' title='bbox 148 1299 264 1364; x_wconf 83' lang='lat' dir='ltr'><strong>feriore</strong></span> <span class='ocrx_word' id='word_1_84' title='bbox 287 1320 390 1384; x_wconf 81' lang='lat' dir='ltr'>marg.</span> <span class='ocrx_word' id='word_1_85' title='bbox 414 1322 444 1384; x_wconf 90' lang='lat' dir='ltr'><em>p.</em></span> <span class='ocrx_word' id='word_1_86' title='bbox 464 1321 493 1364; x_wconf 89' lang='lat' dir='ltr'><em>v.</em></span> <span class='ocrx_word' id='word_1_87' title='bbox 513 1297 688 1365; x_wconf 79' lang='lat'>795-809</span> <span class='ocrx_word' id='word_1_88' title='bbox 713 1299 931 1384; x_wconf 80' lang='lat' dir='ltr'><strong>continentis).</strong></span> 
     </span>
    </p>
   </div>
   <div class='ocr_carea' id='block_1_5' title="bbox 148 1617 1164 1915">
    <p class='ocr_par' dir='ltr' id='par_1_8' title="bbox 148 1617 1164 1915">
     <span class='ocr_line' id='line_1_13' title="bbox 215 1617 1164 1702; baseline 0 -19"><span class='ocrx_word' id='word_1_89' title='bbox 215 1619 278 1684; x_wconf 85' lang='lat' dir='ltr'>ibd.</span> <span class='ocrx_word' id='word_1_90' title='bbox 315 1620 378 1702; x_wconf 88' lang='grc' dir='ltr'><em>τήν</em></span> <span class='ocrx_word' id='word_1_91' title='bbox 402 1617 438 1683; x_wconf 80' lang='grc' dir='ltr'><em>ἐν</em></span> <span class='ocrx_word' id='word_1_92' title='bbox 458 1623 643 1693; x_wconf 81' lang='grc' dir='ltr'><em>Πλαταιαῖς</em></span> <span class='ocrx_word' id='word_1_93' title='bbox 661 1621 861 1702; x_wconf 82' lang='grc' dir='ltr'><em>πεζομαχίαν</em></span> <span class='ocrx_word' id='word_1_94' title='bbox 880 1621 995 1701; x_wconf 78' lang='grc' dir='ltr'><em>φησίν,</em></span> <span class='ocrx_word' id='word_1_95' title='bbox 1019 1617 1062 1701; x_wconf 80' lang='grc' dir='ltr'><em>ήν</em></span> <span class='ocrx_word' id='word_1_96' title='bbox 1079 1619 1164 1701; x_wconf 82' lang='grc' dir='ltr'><em>πρὸς</em></span> 
     </span>
     <span class='ocr_line' id='line_1_14' title="bbox 148 1724 1163 1810; baseline -0.002 -20"><span class='ocrx_word' id='word_1_97' title='bbox 148 1727 227 1802; x_wconf 89' lang='grc' dir='ltr'><em>τοὺς</em></span> <span class='ocrx_word' id='word_1_98' title='bbox 247 1726 409 1801; x_wconf 73' lang='grc' dir='ltr'><em>Λάκωνας</em></span> <span class='ocrx_word' id='word_1_99' title='bbox 433 1725 716 1809; x_wconf 75' lang='grc' dir='ltr'><em>συγκροτήσαντες</em></span> <span class='ocrx_word' id='word_1_100' title='bbox 740 1725 775 1788; x_wconf 89' lang='grc' dir='ltr'><em>οί</em></span> <span class='ocrx_word' id='word_1_101' title='bbox 795 1724 958 1810; x_wconf 82' lang='grc' dir='ltr'><em>βάρβαροι</em></span> <span class='ocrx_word' id='word_1_102' title='bbox 980 1724 1063 1788; x_wconf 79' lang='grc' dir='ltr'><em>κατὰ</em></span> <span class='ocrx_word' id='word_1_103' title='bbox 1085 1724 1163 1807; x_wconf 84' lang='grc' dir='ltr'><em>κροί-</em></span> 
     </span>
     <span class='ocr_line' id='line_1_15' title="bbox 148 1831 531 1915; baseline 0.003 -20"><span class='ocrx_word' id='word_1_104' title='bbox 148 1853 205 1909; x_wconf 94' lang='grc' dir='ltr'><em>τος</em></span> <span class='ocrx_word' id='word_1_105' title='bbox 227 1831 433 1915; x_wconf 73' lang='grc' dir='ltr'><em>ἡσσήθησαν.</em></span> <span class='ocrx_word' id='word_1_106' title='bbox 458 1831 531 1896; x_wconf 91' lang='lat' dir='ltr'><em>PV.</em></span> 
     </span>
    </p>
   </div>
   <div class='ocr_carea' id='block_1_6' title="bbox 149 1984 1164 2133">
    <p class='ocr_par' dir='ltr' id='par_1_9' title="bbox 149 1984 1164 2133">
     <span class='ocr_line' id='line_1_16' title="bbox 221 1984 1164 2059; baseline -0.001 -17"><span class='ocrx_word' id='word_1_107' title='bbox 221 1989 337 2044; x_wconf 75' lang='lat' dir='ltr'>Initium</span> <span class='ocrx_word' id='word_1_108' title='bbox 358 1989 398 2044; x_wconf 82' lang='lat' dir='ltr'><em>sic</em></span> <span class='ocrx_word' id='word_1_109' title='bbox 417 1987 448 2044; x_wconf 86' lang='lat' dir='ltr'><em>in</em></span> <span class='ocrx_word' id='word_1_110' title='bbox 466 1989 504 2043; x_wconf 85' lang='lat' dir='ltr'><em>V=</em></span> <span class='ocrx_word' id='word_1_111' title='bbox 528 1987 713 2044; x_wconf 74' lang='grc' dir='ltr'><em>καταλέλυται</em></span> <span class='ocrx_word' id='word_1_112' title='bbox 736 1989 785 2043; x_wconf 84' lang='grc' dir='ltr'><em>καλ</em></span> <span class='ocrx_word' id='word_1_113' title='bbox 807 1988 952 2059; x_wconf 79' lang='grc' dir='ltr'><em>ἠρήμωται</em></span> <span class='ocrx_word' id='word_1_114' title='bbox 971 1984 1002 2042; x_wconf 76' lang='grc' dir='ltr'><em>ἐκ</em></span> <span class='ocrx_word' id='word_1_115' title='bbox 1023 1988 1164 2057; x_wconf 82' lang='grc' dir='ltr'><em>θεμελίων</em></span> 
     </span>
     <span class='ocr_line' id='line_1_17' title="bbox 149 2057 1164 2133; baseline -0.005 -17"><span class='ocrx_word' id='word_1_116' title='bbox 149 2061 222 2132; x_wconf 80' lang='grc' dir='ltr'><em>φησί</em></span> <span class='ocrx_word' id='word_1_117' title='bbox 241 2059 271 2117; x_wconf 73' lang='grc' dir='ltr'><em>δὲ</em></span> <span class='ocrx_word' id='word_1_118' title='bbox 291 2060 423 2133; x_wconf 79' lang='grc' dir='ltr'><em>περὶτῆς</em></span> <span class='ocrx_word' id='word_1_119' title='bbox 443 2057 473 2117; x_wconf 76' lang='grc' dir='ltr'><em>ἐν</em></span> <span class='ocrx_word' id='word_1_120' title='bbox 492 2063 579 2116; x_wconf 92' lang='grc' dir='ltr'><em>Πλατ.</em></span> <span class='ocrx_word' id='word_1_121' title='bbox 598 2061 769 2132; x_wconf 83' lang='grc' dir='ltr'><em>πεζομαχίας</em></span> <span class='ocrx_word' id='word_1_122' title='bbox 787 2057 822 2128; x_wconf 82' lang='grc' dir='ltr'><em>ἣν</em></span> <span class='ocrx_word' id='word_1_123' title='bbox 841 2064 896 2114; x_wconf 88' lang='grc' dir='ltr'><em>κτλ.</em></span> <span class='ocrx_word' id='word_1_124' title='bbox 913 2092 946 2101; x_wconf 95' lang='grc'><strong>-</strong></span> <span class='ocrx_word' id='word_1_125' title='bbox 961 2057 1164 2129; x_wconf 76' lang='grc' dir='ltr'><em>ἡττήθησανλί</em></span> 
     </span>
    </p>
   </div>
   <div class='ocr_carea' id='block_1_7' title="bbox 0 0 1326 3872">
    <p class='ocr_par' dir='ltr' id='par_1_10' title="bbox 0 0 1326 3872">
     <span class='ocr_line' id='line_1_18' title="bbox 0 0 1326 3872; baseline 0 0"><span class='ocrx_word' id='word_1_126' title='bbox 0 0 1326 3872; x_wconf 95' lang='lat' dir='ltr'><em> </em></span> 
     </span>
    </p>
   </div>
  </div>
 </body>
</html>
