2628 3892
146 131 235 180 XLVI
548 130 759 182 PRAEFATIO.

149 299 211 356 τοῦ
234 291 367 375 φύλλον
395 291 439 368 ὡς
465 293 661 376 πρασινίζον
683 289 916 375 ἐμφαίνεσθαι.
962 291 1028 357 sch.
1046 292 1076 356 A
1096 293 1163 359 820

147 398 203 463 διὰ
225 400 263 464 τὸ
287 399 406 484 ἄπειροι
429 393 523 464 εἶναι.
569 398 612 483 gl.
631 397 662 462 V
681 398 723 463 37
753 398 868 463 διὰτὸ
892 397 1090 463 ἀνακεῖσθαι
1112 406 1160 485 τῷ

146 504 230 592 ἡλίῳ
256 504 357 589 (quod
381 506 427 570 sio
450 505 591 570 mutavit
610 503 823 588 Byzantinus:
847 507 916 570 ἔστι
939 501 976 570 δὲ
998 501 1054 569 καὶ
1076 505 1160 590 αὕτη

145 620 191 701 τῷ
215 612 298 701 ἡλίῳ
322 608 585 697 ἀνατεθειμένη).

215 719 298 796 Quid
326 741 416 804 vero,
445 719 530 802 quod
560 719 628 785 sch.
644 717 677 784 A
695 720 737 786 88
769 723 802 783 et
825 720 868 806 gl.
886 718 917 784 V
936 719 977 784 91
1001 719 1160 784 habemus

146 836 310 910 τροπικῶς
327 825 389 910 τὴν
406 824 600 910 προσβολὴν
617 835 685 890 τῶν
704 830 857 910 Περσῶν,
876 826 911 890 in
925 825 960 890 M
977 825 1039 909 τὴν
1057 842 1160 911 προσ-

145 935 251 1018 βολὴν
274 943 341 997 τῶν
363 931 529 1017 Περσῶνῗ
575 929 691 997 Nonne
715 933 793 998 illud
817 942 980 1018 τροπικῶς
1003 932 1087 997 idem
1111 936 1162 996 est

148 1041 235 1126 quod
272 1038 308 1102 M
344 1040 479 1124 praebet
515 1039 581 1104 sch.
613 1039 721 1106 Prom.
752 1040 823 1106 156.
852 1041 926 1105 718.
967 1036 1055 1123 sepa
1084 1039 1160 1104 582.

146 1148 242 1214 Eum.
261 1145 348 1212 558?
387 1145 472 1211 Item
501 1146 586 1230 quod
614 1146 733 1226 soh.,A
752 1147 819 1212 483
846 1146 970 1230 legitur
996 1155 1161 1230 τροπικῶς

147 1253 211 1320 ἀπὸ
234 1264 301 1319 τῶν
324 1252 361 1318 ἐν
384 1263 521 1337 χειμῶνι
548 1255 718 1318 πλεόντων
746 1252 799 1318 ὅτε
826 1263 981 1336 φυσῶσιν
1009 1249 1161 1335 ὀλέθριοι

146 1361 278 1446 ἄνεμοι,
305 1382 412 1426 nonne
440 1361 599 1444 optimum
628 1360 699 1424 est?
748 1359 841 1425 Nihil
869 1349 907 1423 de
934 1365 1029 1443 tropo
1056 1357 1092 1422 in
1116 1359 1161 1424 M.

174 1510 176 1513 -
214 1467 304 1534 Haec
331 1468 371 1533 de
400 1469 551 1533 universa
581 1467 779 1532 scholiorum
807 1467 942 1532 ratione.
987 1464 1161 1530 Praeterea

149 1576 350 1660 singularum
384 1596 498 1639 vocum
540 1574 829 1657 interpretamenta
866 1573 980 1638 afferre
1016 1594 1161 1658 possum,

146 1703 228 1767 quae
252 1702 444 1746 consensum
472 1680 705 1764 glossematum
727 1677 763 1744 M
790 1683 823 1745 et
850 1680 1030 1765 glossarum
1054 1678 1158 1764 Hesy-

146 1786 210 1853 chii
234 1788 435 1871 aliorumque
458 1786 646 1871 praebeant,
669 1791 766 1871 atque
790 1791 910 1852 struem
934 1787 1061 1870 quidem
1082 1809 1158 1872 pos·

59 1914 61 1919 ·
146 1917 219 1960 sum
248 1893 414 1979 spinosam
446 1893 655 1960 accumulare.
701 1891 764 1958 Sed
796 1893 929 1976 desisto,
961 1914 1034 1958 cum
1061 1894 1157 1978 plana

145 2003 317 2067 obscurum
342 2002 394 2087 sit,
418 2002 495 2087 quid
519 2023 557 2066 ex
580 2001 757 2087 archetypo
781 2001 1017 2087 depromptum,
1041 2000 1117 2086 quid
1138 2024 1159 2066 a

77 2121 79 2126 “
144 2108 286 2174 librariis
309 2131 389 2175 recc.
413 2109 559 2175 codicum
583 2131 600 2174 e
624 2109 737 2175 lexicis
759 2108 913 2174 haustum
938 2108 989 2174 sit.

147 2254 159 2262 ν
212 2213 275 2279 Sed
305 2216 369 2280 hoc
400 2216 721 2282 animadvertendum
754 2219 805 2279 est
834 2214 1001 2279 vilissimis
1030 2237 1160 2301 quoque

144 2320 360 2385 recentiorum
379 2321 537 2386 librorum
556 2321 774 2406 glossematis,
794 2321 878 2385 unde
896 2320 958 2385 viri
977 2322 1064 2387 docti
1083 2344 1164 2388 con·.

143 2431 303 2510 temptum
327 2426 458 2492 illorum
480 2428 611 2492 haurire
635 2428 749 2512 solent,
771 2449 837 2492 non
856 2429 961 2493 solum
980 2429 1015 2492 in
1032 2426 1077 2512 M,
1100 2429 1157 2493 sed

145 2533 244 2599 etiam
267 2533 301 2596 in
325 2532 500 2616 archetypo
524 2533 644 2598 similia
667 2533 790 2599 tradita
815 2557 894 2600 esse.

208 2638 295 2705 Nam
318 2643 356 2704 ut
378 2661 407 2703 v.
426 2639 492 2705 538
516 2640 551 2703 in
570 2639 601 2705 V
619 2639 681 2723 τὴν
703 2642 813 2726 πόλιν,
836 2642 872 2706 in
892 2641 919 2707 G
938 2644 1038 2708 πόλιν
1057 2665 1157 2726 supra

144 2748 228 2813 doro
251 2748 418 2812 exaratum
442 2750 501 2829 est,
524 2745 571 2809 ita
594 2746 629 2809 in
651 2747 685 2810 M
710 2744 797 2832 Sept.
816 2749 881 2815 332

272 2853 475 2978 κορκορνναὶ
499 2883 530 2952 d'
556 2885 609 2953 ἄν’
635 2889 729 2974 ἄστυ,
752 2887 829 2955 ποτὶ
851 2894 968 2958 πτόλιν
992 2889 1023 2957 d'

143 3055 203 3118 pro
227 3055 265 3098 eo
288 3033 419 3120 legitur,
442 3035 527 3119 quod
550 3032 758 3100 Hermannus
781 3034 939 3100 restituit:

330 3155 532 3245 κορκορυγαὶ
556 3155 586 3224 d'
614 3153 666 3223 ἀν’
692 3158 786 3239 ἄστυ,
810 3161 908 3241 πρότι
932 3152 974 3224 δ’.

144 3283 261 3371 Itaque
284 3284 370 3350 idam
394 3285 557 3370 glossema
579 3283 614 3349 in
637 3286 763 3346 textum
787 3283 914 3345 illatum
938 3287 997 3350 est.

209 3392 293 3458 Tum
325 3395 362 3456 ut
397 3392 432 3456 in
463 3390 495 3457 V
527 3389 706 3475 ceterisque
743 3388 833 3452 codd.
865 3389 993 3472 saepius
1026 3363 1173 3456 articuli

143 3524 242 3588 supra
260 3521 354 3567 voces
373 3498 473 3585 positi
491 3503 577 3585 sunt,
595 3497 641 3563 its
661 3493 814 3560 articulus
828 3493 861 3556 in
877 3492 912 3557 M
925 3493 1032 3562 Prom.
1047 3519 1076 3561 v.
1090 3496 1155 3560 oss
