2626 3870
145 179 189 247 60
575 185 732 237 SGHOLIA
840 191 843 198 '

144 345 227 409 κατὰ
254 344 316 427 τὴν
343 345 485 428 καρδίαν
514 347 649 420 ἐσωθεν
670 347 783 412 κόπτει
810 345 874 429 <ἡ>
906 343 1046 431 φροντὶς
1073 345 1094 430 ῆ
1122 347 1161 412 τὸ

145 447 202 535 ἐμὲ
234 448 308 516 ἀντὶ
339 459 400 516 τοῦ
432 450 515 536 ἐμοῦ
542 451 603 536 τῆν
630 453 782 535 καρδίαν,
827 454 875 530 είς
901 453 986 537 ὑμᾶς
1014 449 1051 518 δέ
1079 459 1160 519 είπω

145 560 249 641 λόγον
279 557 433 643 οὐδαμῶς
462 558 610 643 ἐμαυτῆς·
634 553 719 623 οὖσα
746 560 819 642 ῆτοι
849 559 997 638 οὐδόλως
1012 558 1162 645 ἐμαυτῆς

144 667 244 749 κυρία
261 665 484 749 τυγχάνουσα,
503 664 566 730 οὐκ
584 666 718 750 άφοβος.
755 665 919 751 δονοῦμαι
937 668 1000 752 γάρ
1019 665 1075 732 καὶ
1093 676 1162 732 τῶν

97 792 132 861 Ιιο
145 782 281 858 φρενῶν
304 771 472 856 ἐξίσταμαι
494 779 539 859 τῷ
567 771 695 859 ὀνείρῳ.
741 771 1066 860 vulgoP(Dd.)VH.
1112 773 1162 839 De

146 879 214 946 cod.
234 878 261 945 Ο
279 878 344 945 vid.
362 883 431 945 not.
453 878 494 943 ad
518 879 584 944 sch.
603 901 630 944 v.
652 880 723 944 160.

146 1041 162 1090 6
186 1033 226 1098 είς
248 1033 300 1104 τὴν
323 1036 446 1107 καρδίαν
467 1035 493 1089 V
519 1066 553 1076 -
585 1032 604 1102 ἢ
627 1035 659 1090 τὸ
679 1079 685 1091 .
706 1038 854 1102 ,καρδίαν
877 1054 931 1093 om.
954 1037 1040 1107 vulgo
1049 1036 1103 1092 Dd.
1126 1069 1161 1080 -

146 1101 235 1177 ’λέρῶ
254 1124 306 1176 pro
326 1108 394 1161 είπω
413 1107 500 1176 vulgo
520 1137 554 1147 -
574 1112 590 1160 8
610 1104 673 1162 οὐδ’
690 1106 758 1171 όλως
776 1106 829 1164 Dd.
850 1139 883 1150 ·—
903 1115 919 1164 9
939 1109 991 1164 οὐκ
1010 1125 1064 1165 om.
1074 1109 1107 1184 V¹
1193 1183 1198 1194 .

215 1411 277 1476 166
289 1433 336 1495 sq.
382 1410 533 1495 δέδοικα,
561 1414 659 1496 φησί,
688 1416 732 1498 μῆ
759 1435 829 1491 πως
852 1413 870 1479 ὁ
894 1411 995 1498 μέγας
1017 1418 1161 1493 πλοῦτος

145 1514 200 1581 καλ
222 1516 243 1600 ἡ
266 1517 479 1603 εὐδαιμονία,
506 1521 645 1596 κονίσας
672 1518 727 1585 καὶ
752 1518 922 1612 κονισθελς
944 1517 999 1585 καὶ
1022 1519 1162 1605 βληθεὶς

146 1622 183 1688 ἐν
205 1634 250 1711 τῷ
274 1622 353 1689 ποδὶ
375 1622 431 1690 καὶ
454 1623 564 1710 ῥιφεές
587 1624 642 1690 καὶ
665 1626 858 1704 λακτισθεὶς
885 1628 932 1704 εἰς
955 1621 1057 1705 οὖδας
1080 1627 1161 1692 άνα-

144 1728 248 1816 τρέψῃ
275 1732 335 1796 τόν
363 1733 477 1814 ὄλβον,
506 1731 584 1798 ὃνὸ
607 1739 752 1816 Δαρεῖος
774 1729 866 1818 ἦρεν,
893 1735 968 1818 ἤτοι
993 1735 1031 1798 τὸ
1054 1733 1160 1819 κλεός,

119 1836 163 1902 τό
192 1839 310 1920 ἐλαβεν
338 1836 356 1903 ὁ
383 1842 528 1923 Δαρεῖος
555 1837 609 1904 καὶ
638 1842 685 1916 είς
712 1838 795 1924 μέγα
823 1840 958 1920 ὕψωσεν
988 1840 1029 1906 οὐ
1059 1845 1161 1928 χωρίς

146 1944 280 2029 <τινος>
307 1953 374 2009 τῶν
402 1951 503 2012 θεῶν.
548 1944 831 2034 vulgoP(Dd.)V.
877 1947 926 2012 De
953 1949 1021 2014 cod.
1045 1947 1072 2014 O
1096 1949 1161 2014 vid.

144 2056 211 2117 not.
231 2051 271 2117 ad
290 2051 356 2117 seh.
375 2074 403 2118 v.
425 2053 498 2118 160.

217 2190 297 2245 λκαλ
310 2190 328 2262 ῆ
343 2192 424 2247 εόδαι
446 2193 511 2248 ονία
525 2193 611 2247 om.P
630 2225 664 2234 -
683 2190 943 2264 κονίσοαςῆνιιλςο
962 2225 996 2236 -
1014 2189 1114 2264 λὴρεν
1125 2195 1159 2266 V,

147 2259 221 2317 εἷλεν
238 2261 334 2331 vulgo,
353 2264 386 2317 ut
403 2211 467 2318 Afd.
486 2262 517 2316 in
535 2263 650 2318 fabulae
668 2266 749 2318 textu

214 2441 277 2507 168
288 2463 358 2526 sqq.
403 2442 506 2507 ταῦτά
537 2467 607 2528 μοις
645 2445 701 2508 διά
732 2453 835 2509 ταῦτα
868 2445 967 2529 διπλῆ
1000 2445 1073 2510 ἐστί
1101 2471 1159 2530 μοι

144 2546 287 2634 μέριμνα
306 2549 448 2625 άλεκτος.
485 2548 506 2632 ῆ
527 2547 707 2615 δὲιτοιάδε
734 2553 814 2634 μήτε
832 2551 1010 2636 χρημάτων
1028 2558 1159 2637 πλῆθος

145 2658 182 2720 ἐν
218 2663 295 2740 τιμῆ
333 2653 444 2738 σε’βειν
481 2654 660 2740 ἀνάνδρων
696 2659 771 2740 ῆτοι
808 2655 943 2742 ἀνδρῶν
976 2657 1079 2723 ἐκεῖσε
1112 2661 1156 2743 μῆ

144 2765 320 2848 παρόντων
352 2764 433 2846 μήτε
462 2773 533 2838 τοῖς
562 2762 763 2849 άχρῆμάτοις
793 2763 956 2847 ἀνδράσιν
985 2766 1059 2848 ῆτοι
1087 2777 1158 2843 τοῖς

118 2868 264 2953 ιπένῆσι
293 2867 435 2952 λάμπειν
464 2879 536 2953 φῶς
563 2869 730 2953 εὐτυχίας,
764 2869 846 2936 ὅσον
874 2868 943 2935 ἐστὶ
971 2869 1108 2953 σθένος,
1140 2873 1158 2937 ὅ

125 2974 248 3041 ’ἐστιν’
272 2974 313 3040 οὐ
335 2975 442 3058 πάσης
465 2973 673 3040 άπολαόουσι
696 2985 753 3060 τῆς
775 2978 836 3041 τοῦ
856 2978 965 3061 φωτὸς
983 2977 1107 3062 ῆδονῆς
1126 2980 1162 3044 ολ

143 3079 289 3164 πένητες.
335 3079 449 3167 ἑτέρου
476 3082 540 3166 γάρ
569 3085 741 3160 λείποντος
768 3084 805 3147 τὸ
833 3091 891 3166 τῆς
917 3083 1159 3168 εὐδοκιμῆσεως

216 3219 365 3274 lInitium
382 3221 424 3275 sic
442 3221 527 3289 vulgo
548 3223 578 3276 et
596 3221 719 3291 ap.Dd.:
751 3219 841 3276 ταῦτά
863 3241 911 3292 μοι
937 3224 1021 3292 διπλῆ
1047 3221 1155 3293 μέριμν’

144 3291 299 3362 ἄφραστος]
319 3289 381 3358 ἤτοι
400 3291 514 3354 ἄλεκτος
546 3323 579 3332 -
611 3298 627 3345 2
650 3292 669 3361 ἡ
693 3289 724 3346 δὲ
744 3290 863 3346 αἰτίαν
894 3323 927 3334 -
960 3293 1028 3363 μήτε
1047 3298 1158 3362 πλῆθος

144 3360 293 3433 χρημάτων
312 3360 404 3434 σέβειν
423 3363 536 3431 ἀνδρῶν
554 3361 618 3430 ἤτοι
635 3363 749 3432 ἀνδρῶν
769 3363 793 3415 V
822 3393 854 3402 —
886 3371 902 3419 3
923 3359 954 3419 ἐν
972 3372 1037 3435 τιμῆ
1058 3381 1111 3419 om.
1132 3367 1157 3419 H

143 3433 229 3502 vulgo
252 3463 287 3473 -
311 3440 328 3486 4
347 3432 468 3502 ἀνδράσι
487 3435 505 3486 δ
524 3432 617 3488 λονότι
631 3431 807 3500 τολςοΒᾱΉ
834 3464 869 3475 -
897 3441 913 3488 5
933 3434 1046 3505 εὐτυχὲς
1064 3434 1080 3490 ό
1099 3433 1157 3491 ἐστι

143 3505 229 3572 vulgo
257 3535 291 3544 -
320 3501 423 3567 σθένος
440 3453 583 3559 ιουτέστιν
601 3503 745 3572 vulgoDd.
771 3536 803 3544 -
833 3505 1060 3560 σάπολαόνουσι
1079 3507 1104 3560 Η
1124 3539 1157 3547 -

145 3582 160 3631 7
181 3570 321 3646 ἕκατέρων
339 3573 392 3646 γάρ
411 3573 563 3630 λειπόντων
584 3575 640 3630 VH
660 3605 692 3614 -
