2642 3872
573 231 729 283 SCHOLIA

209 817 334 902 9llsq.
380 817 398 883 ὁ
435 815 559 902 Ξέρξης
595 819 928 903 ὑπομιμνησκόμενος
963 829 1032 883 τῶν
1069 817 1160 883 ὅλων

143 929 286 1010 Περσῶν
304 925 480 991 ὀλωλότων
499 926 640 1010 αίσχύνη
659 923 715 990 καλ
734 925 813 1013 ἐλέῳ
832 929 1023 1010 πιεζόμενος
1037 931 1163 1010 θρηνεῖ

143 1031 265 1116 λέγων·
294 1041 360 1116 φεῦ
387 1040 445 1115 τῆς
473 1041 634 1116 στυγερᾶς
657 1030 713 1097 καὶ
735 1042 875 1117 μισητῆς
896 1034 1017 1118 ταύτης
1039 1035 1160 1117 μοίρας

141 1141 289 1222 κυρήσας
321 1135 376 1202 καὶ
409 1137 572 1224 ἐπιτυχὼν
604 1142 884 1223 αακοτελεντήτον
915 1137 971 1205 καὶ
1003 1140 1050 1216 είς
1074 1140 1159 1204 κακοὶ

115 1245 400 1329 ικαταντησόσης.
446 1245 652 1331 vulgoDd.V.

216 1408 229 1455 1
254 1411 309 1457 τῶν
333 1401 475 1457 ὀλωλότων
500 1407 617 1474 Περσῶν
642 1403 804 1475 αἰσχύνην
833 1436 866 1445 -
900 1412 915 1459 3
938 1405 1037 1475 μοίρας
1055 1403 1160 1472 ταύτης

142 1473 168 1527 V
183 1505 216 1514 -
236 1480 251 1528 ό
271 1474 448 1543 καταντήσας
462 1476 486 1528 V

212 2100 275 2164 917
289 2121 357 2183 sqq.
392 2097 623 2184 ὑπομνησθεὶς
646 2099 663 2164 ὁ
683 2098 807 2184 Ξέρξης
829 2110 896 2164 τῶν
919 2097 1006 2164 νέων
1025 2097 1161 2182 ἀνδρῶν

144 2216 212 2270 τῶν
241 2205 424 2290 οἰχομένων
453 2207 489 2272 ἐν
508 2203 643 2270 Ἑλλοίὺι
671 2203 754 2290 φησὶ
782 2215 899 2271 ταῦτα·
930 2213 1003 2271 είθε
1031 2206 1163 2289 ὤφελεν

145 2311 263 2388 όΖεὺς
281 2310 363 2396 αόιμὲ
382 2315 462 2396 μετὰ
480 2325 547 2378 τῶν
567 2312 769 2398 φθαρέντων
784 2312 919 2398 ἀνδρῶν
933 2313 1164 2390 ααιακαλύψαι

144 2427 184 2502 ιη
207 2421 308 2505 μοίρᾳ
331 2428 392 2483 τοῦ
415 2420 576 2486 θανάτου.
621 2419 829 2504 vulgoDd.V.

219 2565 231 2612 1
252 2557 446 2628 ὑπομνησθεὶς
464 2556 496 2614 δὲ
515 2561 601 2628 vulgo
621 2590 654 2598 -
674 2565 690 2611 2
710 2528 880 2630 οἰχομένωνν
898 2555 993 2614 ἑλλάδι
1007 2559 1033 2614 V
1048 2591 1079 2600 -
1100 2557 1161 2614 εἴθ’

146 2627 172 2682 V
188 2661 220 2670 -
240 2629 360 2699 ὤφειλεν
374 2632 460 2700 vulgo
481 2662 513 2671 -
534 2639 549 2684 3
569 2627 640 2699 κάμὲ
660 2647 713 2686 om.
730 2630 763 2698 V,
783 2630 832 2699 qui
846 2634 912 2701 post
925 2630 1056 2686 θανάτου
1075 2630 1165 2684 habet

146 2700 196 2754 καλ
214 2697 264 2770 ἐμέ
281 2733 317 2741 —-
334 2718 385 2771 pro
405 2701 475 2772 μετὰ
496 2710 552 2756 τῶν
576 2700 760 2770 φθαρέντωνε
784 2701 1032 2774 ταταφθαρέντων
1050 2702 1089 2771 V;
1112 2718 1164 2771 pro

147 2771 332 2844 φθαρέντωνε
352 2772 506 2844 οἰχομένων
526 2774 548 2829 Ο
568 2805 602 2814 -
621 2775 749 2843 καλύψαι
767 2773 852 2843 vulgo

215 2936 280 3001 920
292 2959 361 3022 sqq.
403 2937 421 3002 ὑ
453 2940 553 3023 χορὸς
586 2937 669 3002 ίόὼν
701 2939 761 3004 τὸν
793 2935 920 3022 Ξέρξην
954 2937 1165 3020 όδυρόμενόν

148 3059 231 3127 φησι
254 3044 337 3127 πρὸς
360 3045 476 3110 αὐτόν·
503 3053 583 3130 φεῦ,
608 3041 633 3109 ὦ
657 3048 811 3128 βασιλεῦ,
834 3053 892 3127 τῆς
915 3042 1044 3127 ἀγαθῆς
1067 3061 1166 3126 στρα-

147 3159 219 3226 τιᾶς
246 3148 299 3215 καὶ
328 3160 387 3235 τῆς
413 3151 557 3237 μεγάλης
586 3161 681 3235 τιμῆς
709 3161 766 3235 τῆς
793 3162 862 3227 τοῖς
889 3150 1037 3235 Πέρσαις
1067 3175 1166 3235 νεμη-

148 3261 266 3341 θείσης
292 3255 347 3322 καὶ
374 3257 415 3321 τότ
439 3262 581 3340 Περσῶν
610 3257 802 3338 όιοικούσης
828 3254 883 3322 καὶ
908 3255 1088 3339 όιεπούσης
1110 3253 1166 3320 καὶ

222 3397 305 3454 1ααὶ
324 3396 339 3452 ὁ
358 3397 440 3465 χορὸς
459 3395 543 3464 vulgo
572 3426 606 3435 —
634 3402 650 3448 2
674 3395 744 3464 πρὸς
767 3395 854 3451 αὑτὸν
872 3394 967 3451 om.V
991 3427 1024 3434 —
1052 3395 1168 3465 ἀγαθῆς

150 3472 246 3536 δεξιᾶς
264 3468 435 3538 vulgoDd.V
454 3497 487 3506 —
515 3473 609 3529 3τοῐς
632 3464 717 3538 Πέρσ.
741 3470 843 3537 νεμηθ.
868 3465 917 3520 καί
945 3483 999 3522 om.
1023 3465 1057 3533 V,
1085 3475 1168 3536 τιμῆς

158 3551 199 3611 τῆς
217 3541 290 3596 κατὰ
308 3549 363 3594 τῶν
382 3542 500 3610 Περσῶν
519 3537 680 3606 διωκούσης
699 3537 730 3605 Ο,
749 3546 829 3609 τιμῆς
847 3546 896 3608 τῆς
913 3536 949 3592 τὰ
963 3540 1080 3608 Περσῶν
1095 3541 1169 3594 διοι-

166 3614 253 3682 ,ούσης
271 3613 293 3666 Ρ
312 3643 346 3652 -
365 3616 383 3664 4
401 3609 450 3665 καὶ
467 3609 670 3678 ὃιενθετσύσης
688 3626 742 3665 om.
757 3612 781 3665 V
796 3640 832 3650 —
