2628 3892
144 177 170 236 X
508 206 514 214 -
545 173 756 226 PRAEFATIO.

141 337 210 401 aria
238 337 371 400 exarata
399 334 470 398 sint.
517 333 590 399 Hoc
613 356 713 398 unum
741 336 869 398 constat
896 333 984 398 haud
1012 332 1060 398 ita
1087 349 1157 397 ma-

141 464 241 524 gnum
263 438 419 525 temporis
444 440 588 524 spatium
611 441 777 526 interesse,
801 462 875 505 cnm
898 441 1058 524 scriptura
1077 439 1156 504 alta-

140 550 208 614 rius
233 569 348 612 manus
376 547 512 613 eundem
541 547 606 612 fere
635 547 766 613 ductum
794 548 978 612 litterarum
1001 547 1158 631 praebeat

140 660 237 741 atque
260 655 386 740 prioris.

207 760 357 828 Codicem
372 760 523 844 Byzantii
543 761 760 844 conscriptum
780 783 850 825 esse
865 761 933 825 veri
953 761 1154 824 simillimum

139 869 276 954 videtur,
299 871 360 934 hac
384 866 511 951 quidem
531 867 570 932 de
594 889 703 932 causa:
728 864 806 932 bod.
825 866 921 932 Vind.
940 867 1005 932 279
1030 867 1155 931 charta-

137 997 228 1058 ceus,
256 977 376 1040 saeculi
398 975 488 1058 XIV,
515 977 570 1060 qui
594 975 780 1041 Promethei
808 979 841 1040 et
868 973 998 1058 Septem
1027 973 1155 1038 fabulas

137 1081 281 1164 exhibet,
311 1086 402 1147 textu
430 1087 463 1147 et
486 1081 619 1147 scholiis
644 1103 745 1175 margr
768 1087 802 1146 et
830 1083 929 1166 gloss.
952 1081 1057 1146 interl.
1078 1103 1154 1146 ,cunr

137 1187 236 1254 Vind.
257 1187 318 1254 197
351 1188 416 1253 fere
450 1189 648 1254 adverbum
681 1189 857 1271 consentit,
888 1189 935 1252 ita
962 1193 1087 1266 tamen,
1118 1193 1156 1252 ut

138 1295 221 1358 aiter
245 1295 285 1360 ab
310 1295 414 1361 altero
438 1319 503 1361 non
527 1297 641 1380 possit
656 1296 836 1380 descriptus
861 1317 940 1380 esse,
963 1317 1036 1360 cum
1056 1295 1154 1360 modo

138 1401 191 1465 hic
214 1401 263 1466 illi
290 1406 448 1489 praestet,
476 1404 581 1468 modo
601 1403 659 1468 ille
685 1403 770 1467 huic.
816 1401 921 1468 Immo
942 1405 1084 1485 uterque
1113 1403 1154 1466 ab

138 1509 252 1572 eodem
275 1509 359 1574 libro
384 1511 542 1592 originem
566 1509 704 1574 traxisse
728 1510 833 1574 debet.
869 1507 964 1573 Nunc
988 1514 1097 1574 autem
1119 1511 1155 1573 in

137 1615 246 1680 fronte
269 1615 365 1680 Vind.
384 1618 449 1682 279
474 1639 494 1680 a
517 1638 616 1681 mann
638 1615 719 1682 XVI
747 1616 869 1681 saeculi
896 1616 957 1681 hoc
987 1619 1153 1681 exaratum

137 1725 202 1786 est:
231 1719 403 1806 ‘Augerius
432 1723 471 1787 de
495 1723 665 1788 Busbeclxe
693 1723 896 1807 comparauit
924 1721 1154 1788 Constantino·

136 1826 226 1912 poli’.
271 1827 473 1896 Busbechius
502 1833 626 1912 autem,
655 1831 711 1914 qui
738 1831 828 1894 iussu
856 1828 1051 1894 Ferdinandi
1074 1827 1091 1893 Ι
1119 1830 1154 1894 in

137 1935 212 1999 aula
231 1935 416 2020 Byzantina
439 1958 571 2002 munera
594 1937 768 2022 legationis
792 1936 922 2002 functus
943 1940 1003 2021 est,
1026 1937 1152 2002 codices

136 2041 264 2107 circiter
288 2043 543 2130 quadringentos
569 2044 807 2129 quinquaginta
829 2043 1047 2109 bibliothecae
1071 2043 1150 2107 Vin·

138 2149 319 2215 dobonensi
342 2151 484 2218 donavit.
529 2152 644 2236 Itaque
669 2174 741 2216 cum
771 2173 898 2214 summa
922 2150 1153 2233 probabilitate

137 2259 279 2320 statuere
294 2257 371 2322 lieet
386 2259 524 2322 codicem
539 2257 635 2322 Vind.
653 2258 714 2322 197
732 2257 830 2322 simul
849 2279 922 2322 cum
937 2257 1040 2323 altero
1055 2255 1154 2323 Vind.

136 2359 420 2447 Constantinopoli
435 2363 664 2428 Vindobonam
682 2365 817 2428 missum
837 2385 916 2429 esse.
952 2363 1050 2429 Putet
1068 2363 1153 2448 quis·

136 2467 225 2550 piam
253 2471 361 2533 textus
390 2474 423 2534 et
451 2471 574 2535 scholia
597 2469 785 2536 Promethei
813 2476 846 2536 et
870 2468 1001 2556 Septem
1025 2471 1149 2536 fabula·

135 2597 207 2639 rum
237 2597 275 2639 ex
303 2574 367 2640 alio
390 2577 475 2642 libro
504 2578 538 2642 in
565 2581 739 2663 utrumque
766 2576 863 2643 Vind.
886 2579 1085 2662 manavisse,
1114 2601 1153 2642 ex

134 2682 200 2746 alio
220 2680 338 2747 Persas
362 2683 395 2747 in
420 2683 557 2750 alterum
577 2685 675 2751 Vind.
699 2685 812 2750 solnm.
855 2682 917 2750 Sed
941 2685 1025 2770 quod
1050 2685 1152 2750 codex

136 2787 432 2875 Heidelbergensis,
455 2791 511 2873 qui
533 2790 619 2855 infra
641 2791 850 2875 tractabitur,
874 2813 947 2856 cum
970 2791 1068 2858 Vind.
1089 2791 1151 2857 197

135 2895 216 2960 item
245 2898 408 2962 consentit
430 2895 554 2982 Persis,
581 2902 619 2962 ut
646 2919 720 2962 cum
747 2903 885 2982 utroque
907 2896 1095 2964 Promethei
1119 2903 1152 2963 et

4 2997 5 3058 i
136 3000 266 3088 Septem
290 3003 411 3068 fabulis
435 3026 610 3088 earumque
632 3003 775 3088 scholiis,
798 3005 992 3070 verisimile
1012 3005 1152 3070 estfon-

135 3114 212 3192 tem,
233 3109 315 3175 unde
331 3109 436 3176 Prom.
452 3114 485 3175 et
499 3110 587 3195 Sept.
600 3111 635 3176 in
649 3109 958 3198 Heidelbergensem
978 3117 1011 3177 et
1029 3115 1152 3177 utrum-

135 3238 197 3301 que
230 3215 372 3282 Vindob.
408 3218 621 3303 transierunt,
658 3217 758 3282 etiam
790 3218 907 3284 Persas
945 3220 1150 3303 complexum

135 3345 214 3389 esse.

203 3428 253 3496 11:
287 3431 385 3496 codex
412 3429 581 3495 Palatinus
606 3429 662 3509 18,
691 3429 768 3494 olim
792 3429 1052 3517 Vitebergensis,
1080 3436 1152 3497 tum

134 3538 305 3626 Halensis,
336 3543 407 3604 tum
436 3536 703 3622 Heidelbergam,
736 3536 819 3600 unde
842 3533 1054 3622 Vitebergam
1082 3560 1153 3622 per-

532 3828 679 3836 ——n
