2632 3878
564 253 775 306 PRAEFATIO.
1115 257 1182 306 XIX

165 418 247 499 puto
270 408 363 479 παί8’
391 411 466 502 ἑμςό.
508 416 616 499 Atque
638 413 701 478 hoe
726 436 763 479 eo
786 415 988 498 probabilius
1012 419 1071 499 est,
1095 417 1180 500 quod

167 523 326 606 scriptura
348 519 444 586 παιδὶ
468 519 546 609 ἐμῷ,
571 543 668 606 quam
692 521 858 606 archetypi
880 521 981 586 fuisse
1000 521 1081 608 dieo,
1104 545 1182 588 eon-

165 629 255 693 venifi
287 650 359 694 eum
389 628 500 692 multis
529 627 648 692 codicis
672 621 706 690 M
731 628 912 712 scriptume,
941 629 1058 712 quibus
1087 631 1180 694 elisio

165 735 315 820 neglecta
336 736 380 799 sit
398 732 452 820 (ef.
467 733 618 800 Roemeri
637 735 954 817 commentationem,
970 727 1030 800 eui
1049 737 1181 820 inserip-

167 841 210 906 sit
243 839 382 906 ‘studien
415 863 472 905 zur
504 840 821 906 handsehriftliehen
853 841 1092 927 iiberlieferung
1124 843 1180 907 des

166 930 343 1032 Ksehylus'
367 949 403 1013 in
426 948 508 1013 actis
532 947 621 1012 eeed.
645 947 771 1013 Monac.
791 947 877 1012 1888
901 948 962 1015 vol.
982 946 1039 1034 ΙΙ).

235 1074 375 1138 Transeo
400 1073 441 1138 ad
463 1074 561 1153 locos,
585 1073 640 1160 qui
664 1073 693 1138 si
714 1096 781 1139 non
804 1073 844 1137 ad
869 1079 993 1138 eertum
1013 1073 1052 1139 de
1072 1075 1181 1140 erehe-

164 1184 245 1266 typo
274 1179 457 1246 faciendum
486 1180 639 1246 iudicium
669 1181 791 1264 valent,
822 1185 857 1246 et
884 1183 994 1246 tamen
1018 1182 1179 1247 notabiles

164 1289 239 1353 sint.

230 1430 263 1482 V.
285 1408 328 1476 17
353 1415 486 1481 κίσσιον
504 1412 545 1496 V,
568 1413 653 1477 idem'
677 1435 696 1476 a
718 1435 766 1497 pr.
791 1435 832 1476 m.
853 1411 894 1492 H,
918 1414 959 1477 ab
983 1413 1039 1479 alt.
1063 1419 1138 1478 ente
1158 1435 1177 1478 ο
1260 1439 1262 1442 ·

164 1520 322 1584 insertum
345 1543 375 1584 ν.
416 1522 568 1584 κίσσινον
590 1518 634 1584 Μ.
674 1518 713 1583 In
737 1518 885 1585 sehol.A
909 1543 938 1584 v.
955 1520 995 1584 16
1005 1541 1094 1604 sqqe
1109 1523 1180 1586 κίσ-

163 1643 239 1692 σιον
261 1625 301 1710 V,
324 1628 434 1692 κίσιον
457 1625 498 1693 Η.

231 1769 263 1817 v.
286 1748 354 1816 117
379 1753 413 1816 in
436 1751 467 1818 V
491 1755 524 1816 et
546 1750 579 1816 H
603 1725 761 1816 tradifium
785 1756 848 1816 est:

466 1913 569 1976 ταῦτά
592 1935 649 1996 μοι
672 1914 876 2006 μελαγχίτιρν

467 2020 558 2104 φρὴν
582 2017 762 2102 ἀμύσσεται
786 2020 893 2106 φόβῳ,

163 2179 196 2244 in
220 2179 267 2246 M:
465 2178 568 2244 ταῦτα
591 2201 657 2260 μου
680 2181 886 2263 μελαγχίτων

467 2285 558 2370 φρὴν
582 2284 762 2370 ἀμύσσεται
785 2287 889 2372 φόβῳ.

166 2427 252 2493 Illud
276 2432 308 2492 et
331 2450 389 2512 per
412 2449 446 2492 se
469 2432 624 2512 praestat,
648 2428 734 2513 quod
757 2428 863 2513 magis
888 2405 937 2492 e'st
960 2449 999 2492 ex
1018 2431 1087 2492 erte
1106 2449 1180 2511 poe·

163 2536 238 2619 tica,
257 2539 291 2599 ολ
309 2534 554 2600 commendatur
571 2557 600 2600 v.
617 2536 695 2600 168:
718 2535 821 2598 ταῦτα
840 2559 897 2619 μοι
917 2535 1016 2618 διπλῆ
1036 2534 1179 2620 μέριμνα

164 2643 312 2727 φραστός
335 2641 425 2707 ἐστιν
449 2640 486 2706 ἐν
509 2643 618 2726 φρεσί,
641 2642 680 2706 ef.
700 2640 778 2707 cho.
798 2665 827 2706 v.
846 2642 921 2706 409.
941 2643 1016 2706 412.

229 2785 263 2835 v.
290 2765 359 2832 559
390 2764 421 2831 V
454 2763 567 2852 (HGE
595 2764 676 2831 Ven.
702 2765 733 2830 A
768 2763 861 2831 Cant.
886 2767 959 2830 1.2
990 2765 1066 2832 Ald.
1093 2765 1176 2831 Rob.

163 2870 278 2961 Tum.)
301 2874 457 2939 exhibent
478 2875 638 2954 πολίταις,
661 2872 696 2938 Μ
718 2875 886 2956 πολιλτοιις.
932 2871 1045 2938 Potest
1068 2872 1178 2935 erehe-

164 2985 262 3066 ssypus
286 2980 468 3046 exhibuisse
493 2980 579 3066 quod
602 2979 836 3044 restituendum
860 2983 910 3044 est
932 2980 1103 3062 πολιήταις
1125 2978 1178 3043 vel

163 3087 313 3216 wolztone
336 3141 388 3206 vel
411 3086 577 3230 πολιιλταις.

229 3301 262 3348 v.
282 3279 352 3347 244
376 3284 410 3348 in
433 3282 498 3350 VG
521 3284 653 3368 legitur:

169 3437 173 3445 '
234 3429 284 3502 τίς
307 3422 344 3490 δὲ
366 3425 540 3511 ποιμάνωρ
564 3429 673 3491 ἔπεστι
696 3424 925 3504 κάπιδεσπόζει
949 3435 1103 3511 στρατοῦ,
1160 3418 1188 3439 ⁷

162 3622 197 3686 in
221 3619 248 3685 L
273 3625 362 3686 extat
385 3585 524 3707 στρατλῑξ,
548 3623 583 3686 in
605 3621 639 3685 M
663 3621 799 3704 aliisque
824 3627 963 3708 στρατῷ.

978 3721 1017 3776 b*
