2642 3872
540 151 579 201 IN
597 151 629 202 V.
649 152 799 201 290-297.

163 311 313 396 Πέρσαις
346 310 386 376 V.
455 314 647 394 πολεμικοῖς

163 417 310 502 Πέρσαις
339 417 407 482 HG
445 414 515 503 (sed
547 418 643 481 πολε-

162 529 250 610 μιόις
270 524 306 592 G.
339 523 451 589 Solum
474 525 644 606 πολεμίοις

162 628 246 712 BL).
278 667 314 676 -
351 630 417 694 290
449 629 585 714 πάρεστι
603 627 643 692 V.

162 737 322 820 πάρεστιν
365 741 402 800 ut
444 737 570 801 videtur
602 734 643 799 H.

162 844 316 924 πάρεισιν
341 842 410 908 GL.
437 880 473 889 —

161 952 224 1016 291
252 950 301 1016 ὅτι
317 949 393 1014 VH.
417 986 454 995 -
478 950 589 1024 πόλεις
603 945 642 1012 V.

161 1054 302 1140 μητέρας
329 1055 349 1140 ἢ
376 1056 517 1140 γαμετάς
539 1052 560 1137 ἢ
584 1056 642 1118 πό-

697 947 760 1013 291
787 950 944 1032 ματαίως,
972 942 1077 1032 μηδὲν
1100 951 1177 1032 ma.

696 1053 805 1131 νάσοις
825 1051 906 1141 (gh).
925 1092 963 1101 —
984 1055 1049 1120 292
1067 1054 1178 1137 ἐποίη-

161 1169 233 1240 λεις
251 1161 287 1227 1.
314 1199 351 1210 —
384 1163 454 1227 292
483 1160 645 1243 ἐποίησαν
696 1158 858 1248 ποτήρί).
873 1197 916 1208 -
935 1161 1095 1246 ὀρφανάς.
1116 1199 1154 1208 -

165 1269 300 1335 VHGI.
322 1269 413 1352 (ante
438 1269 503 1333 hoe
529 1267 643 1351 ἐτιμώ-

162 1393 272 1460 ρηοαν
283 1375 336 1462 h).
358 1413 398 1424 -
417 1376 565 1455 εὔνιδας]
584 1398 642 1456 μιν

161 1493 277 1560 ναϊκας
320 1482 353 1547 H
399 1480 556 1570 (pertinet
602 1482 641 1545 ad

160 1591 285 1666 πολλὰς
299 1614 327 1655 v.
342 1588 430 1673 291).
451 1625 492 1635 -
513 1587 640 1671 ἐστερη·

161 1694 261 1779 με’νας
276 1694 314 1760 V.
333 1733 368 1742 -
392 1691 463 1778 ἠδ’]
483 1692 539 1760 καὶ
552 1693 639 1758 V.—

160 1802 204 1884 μὴ
229 1801 372 1885 ἐχούσας
395 1802 523 1886 ἄνδρας
543 1801 578 1865 V.
600 1837 641 1850 --

160 2333 229 2400 293
255 2330 329 2398 ἀντὶ
355 2341 416 2398 τοῦ
442 2331 578 2416 ἐτίμησα
603 2331 640 2398 V.

163 2478 200 2487 -
241 2440 343 2504 ἀθλία
379 2439 451 2506 VL.
493 2478 530 2486 -
575 2440 641 2504 294

160 2547 322 2634 ὑπερνιιιᾷ
332 2545 407 2612 VH.
418 2584 460 2593 -
476 2547 541 2612 296
555 2571 640 2630 γνω-

160 2654 257 2736 μικὸν
273 2673 411 2736 praescr.
425 2656 458 2716 in
474 2653 585 2719 VHG.
596 2691 639 2700 —

160 2759 299 2843 ὑπάρχει
313 2758 355 2823 Η.
374 2797 410 2807 -
432 2759 558 2843 βλάβας
569 2759 639 2825 VL.

159 2904 203 2912 —-
217 2869 363 2950 βροτοῖς]
384 2867 441 2943 τάς
461 2864 497 2930 ἐν
516 2877 584 2942 τοῖς
598 2867 639 2931 Η.

160 2975 313 3058 βροτοὺς]
337 2975 416 3050 τοὺς
438 2972 639 3056 ἀνθρώπους

160 3078 199 3142 V.
223 3115 265 3124 -
289 3077 469 3162 ὑπομένειν
493 3078 570 3144 VH.
598 3117 636 3126 —

696 2441 760 2506 295
784 2443 888 2505 λείπει
910 2440 931 2524 ἡ
954 2461 1048 2526 προς,
1072 2457 1178 2526 προσ,

694 2547 798 2626 λέξαι.
821 2555 969 2614 τοιοῦτοι
986 2543 1022 2613 δὲ
1042 2549 1078 2612 οἱ
1093 2563 1175 2631 συμ-

694 2665 816 2740 <popule
852 2655 1015 2738 μεγάλαις
1042 2657 1175 2738 κατεχό-

694 2785 798 2847 μενοι.
822 2799 857 2808 -

160 3185 223 3249 297
248 3187 353 3267 θεῶν]
377 3197 444 3250 τῶν
465 3186 503 3249 V.
526 3223 563 3232 -
590 3187 639 3250 δι·
709 3253 712 3258 Δ

160 3292 303 3371 δόντων]
331 3291 454 3374 αὐτοῖς,
484 3294 640 3376 δηλονότι

160 3397 261 3474 αὐτάς
275 3397 315 3462 V.
335 3435 378 3444 -
399 3397 640 3482 ἐξηγησάμενος

158 3503 198 3572 V.
222 3504 436 3582 ἀνακαλύψας
456 3505 496 3570 Η.
516 3543 558 3551 -
