2642 3872
525 142 565 193 IN
583 141 614 193 V.
634 143 784 194 396-401.

147 301 185 368 V.
200 299 402 387 ἀποτυχοῦσι
410 299 627 389 (ἀποινχεῖσι,

148 431 167 472 ι
195 431 275 474 corr.
298 431 336 472 ex
360 409 390 491 ὃ,
413 405 497 495 eod.)
520 408 560 472 H.
588 444 623 452 —

146 516 236 580 καθὰ
255 515 295 580 Η.
326 515 435 600 ὥσπερ
459 514 500 579 Η.
523 551 567 560 —
591 513 629 579 ἐν

147 621 255 686 HGL.
286 657 324 669 -
359 623 423 686 396
455 620 563 706 ὕμνον
586 619 626 686 Η.

17 797 19 804 ,
148 729 307 811 -ἥγονν
320 727 625 812 θρηνητικὸνΗ.-

147 837 211 901 397
228 837 336 918 ἤγουν
354 834 534 920 ὁρμητικὸν
553 855 626 898 παι-

147 953 210 1007 ἄνα
225 942 264 1007 Η.
285 979 327 989 -
352 942 388 1007 ἐν
403 939 442 1008 Η.
460 979 505 988 -

147 1102 211 1167 398
231 1100 327 1185 ἀϋτῇ]
348 1103 413 1165 σὺν
427 1123 524 1186 super
542 1101 626 1186 quod
681 1099 746 1165 398
764 1099 804 1163 τὰ
823 1109 890 1163 τῶν
909 1096 1077 1184 Ἑλλήνων
1099 1098 1161 1179 555-

145 1216 185 1293 τῇ
199 1215 295 1291 φωνῇ
307 1207 344 1271 Η.
369 1207 540 1291 φωνητικὴ
551 1204 626 1294 (sio)
680 1229 774 1271 καιεν
818 1204 874 1270 καὶ
919 1205 1095 1294 ἀνήγειρεν
1139 1207 1159 1290 ἡ

146 1315 188 1380 Η.
230 1315 266 1380 ἐν
296 1323 407 1399 φωνῇ,
437 1312 473 1379 ἐν
492 1317 566 1399 βοῇ,
591 1313 627 1378 ἐν
683 1311 830 1395 σάλπιγξ.
850 1349 891 1359 -

145 1423 215 1509 ἤιε
240 1419 278 1486 G·
311 1421 348 1486 ἐν
370 1422 439 1510 ἤιε
465 1419 500 1485 Β·
521 1456 559 1468 -
581 1419 627 1498 ἐξ·

147 1527 267 1610 ἔκαιεν,
290 1511 469 1613 ἀνήγειρεν
486 1525 525 1592 V.
559 1525 626 1591 ἐτά-

148 1652 271 1719 ρασσεν
295 1635 334 1700 Η.
355 1672 396 1681 -

148 2005 212 2071 399
233 2008 417 2088 ειαραντίκα
428 2005 467 2071 Η.
490 2043 527 2052 -
549 2005 627 2089 ήχη-
683 2006 747 2071 399
772 2004 945 2090 ῥοθιάδοςε
973 2015 1030 2090 τῆς
1053 2005 1163 2090 ἠχιγιι-

147 2121 239 2196 ταιῆς
270 2111 310 2202 Y.
367 2121 423 2196 τῆς
463 2112 629 2197 ἠχητικῆς,
682 2120 754 2196 κῆς·
777 2111 798 2196 ἣ
821 2121 878 2195 τῆς
900 2111 936 2178 ἐν
954 2112 1045 2200 ὑγρῷ
1066 2111 1161 2177 ἐλαυ-

147 2227 205 2304 τῆς
228 2220 264 2285 ἐν
287 2227 332 2306 τῷ
356 2218 494 2306 ῥεύματι
516 2237 628 2284 αινον-
682 2219 833 2304 νομένης.
856 2257 892 2266 -

147 2325 312 2413 μένηςλΗ.
352 2337 390 2372 -’
429 2327 565 2412 κρούσει
589 2325 627 2391 V.

148 2434 341 2498 σννελεύσει
382 2433 448 2498 H.'
473 2470 510 2480 -
561 2433 628 2498 400

147 2542 273 2619 ἔτυψαν
287 2539 327 2604 V.
359 2541 485 2618 ἔτνψαν
505 2540 540 2604 οἱ
552 2538 626 2605 Ἕλ-

148 2651 245 2729 ληνες
268 2646 302 2710 L.
330 2683 366 2692 —
393 2647 570 2712 θάλασσαν
588 2646 629 2713 V.

148 2788 189 2799 -
218 2756 361 2837 βαθεῖαν
384 2752 424 2816 Η.
455 2790 493 2799 -
525 2769 626 2838 προσ·

146 2868 247 2944 ταγῆς
270 2882 361 2936 τινος
375 2858 415 2924 Η.

148 3178 212 3242 401
232 3177 436 3262 ταχέωςΗΙι.
460 3216 495 3226 -
520 3179 627 3263 ὥρμη-

148 3300 211 3350 σαν
231 3284 269 3349 Η.
296 3323 333 3330 -
360 3283 502 3370 φανεροὶ
520 3283 559 3350 Η.
584 3323 625 3330 -
