2628 3892
578 153 792 208 PRAEFATIO.
869 230 875 241 Ι
1148 154 1187 206 LI

171 317 288 399 γοῦτο]
319 312 483 380 ἐνεδύετο.
506 351 550 362 -
578 315 621 400 gl.
644 336 674 380 v.
698 315 763 380 203
792 313 876 378 αὐτὰ
906 315 1002 380 δι’τινα
1031 310 1124 381 εἶδον
1153 315 1190 381 ἐν

171 423 272 488 νυκτί
287 418 341 508 (δε
361 422 404 505 gl.
419 419 440 486 δ
455 416 550 487 εἷπον
565 421 627 487 vid.
637 445 667 506 p.
678 419 863 505 XLIH).—
882 422 964 505 giv.
976 423 1041 488 218
1061 424 1187 506 λόγοις]

172 528 209 594 ἐν
231 538 302 605 τοϊς
330 528 454 604 δεινοῖς
481 527 639 612 ὀνείρασι.
663 565 705 575 -
730 528 906 611 g1.v.263
929 529 1108 611 γινώσκετε
1132 530 1190 612 δη-

171 637 294 702 λονότι.
322 671 359 682 -
385 636 437 722 gl„
450 658 477 700 v.
496 636 561 701 377
585 634 750 718 ἀκόσμως]
774 635 882 718 ἤγουν
906 634 1121 711 ἀπαιδεύτως.
1147 671 1189 682 -

170 743 213 828 gl.
233 764 262 807 v.
282 742 346 808 347
370 739 436 808 ὑπό
460 756 534 822 σου,
557 740 636 804 item
660 741 788 824 g1.602
812 739 875 805 ἀπὸ
898 751 966 806 τῶν
985 744 1125 825 βροτῶν.
1145 777 1190 788 -
1288 756 1290 762 ’

170 847 214 933 gl.
233 846 347 913 v.'365
369 847 454 911 θεὸν
483 848 628 930 φθόνου.
655 882 693 894 -
724 845 855 930 31574
878 845 985 928 στένε]
1013 849 1109 924 πόλις
1132 848 1189 931 δη-

170 955 293 1020 λονότι.
320 989 358 1002 -
390 954 434 1037 gl.
457 953 521 1018 617
556 951 737 1038 ἀκήρατον]
773 951 956 1018 ἀθάνατον.
982 990 1027 1002 -
1055 954 1099 1039 gi.
1124 955 1187 1019 648

170 1053 237 1126 ὧδε
259 1051 330 1137 οἷος
352 1054 396 1142 ἦν
419 1061 483 1144 πρὸ
501 1067 564 1124 τοῦ
582 1058 778 1126 ἀποθανεῖν.
797 1096 835 1110 -
857 1060 901 1144 gl.
916 1059 980 1125 659
1001 1059 1128 1144 ἐξηίαδε.
1147 1098 1185 1108 -

169 1169 211 1253 gl.
237 1168 299 1234 787
324 1167 432 1250 ἤγουν
460 1167 496 1230 οί
515 1167 580 1250 πρὸ
602 1174 664 1232 τοῦ
686 1163 813 1251 Ξέρξου
840 1167 1098 1250 βασιλεύσαντες
1129 1189 1186 1251 pro

169 1273 206 1340 οί
223 1274 290 1359 πρὸ
308 1281 370 1340 τοῦ
392 1273 657 1356 βασιλεύσαντες.
684 1309 724 1321 -

237 1381 406 1446 Accedunt
434 1402 515 1465 quae
544 1379 609 1444 iam
639 1379 744 1445 altera
772 1401 887 1444 manus
912 1379 1032 1445 delevit
1054 1382 1098 1465 gl.
1122 1381 1186 1446 755

169 1491 202 1552 et
224 1487 299 1554 911.
347 1482 426 1573 (Sed
450 1486 494 1570 gl.
513 1486 577 1552 817
602 1485 745 1568 βοήθεια
769 1485 809 1549 ad
832 1482 952 1570 κρηπὶς
975 1485 1185 1570 adscriptum,

168 1593 252 1677 quod
275 1593 333 1660 illa
356 1592 503 1677 extinxit,
526 1614 634 1657 errore
657 1615 717 1677 pro
736 1591 917 1678 ὑπόβαθρα
936 1596 1106 1658 exaratum
1125 1599 1186 1672 est,

168 1699 292 1766 ο1.εο1ι.
315 1701 353 1766 A.
409 1697 493 1766 Sane
527 1699 645 1766 mirum
676 1699 845 1784 mendum,
876 1721 937 1766 nec
969 1721 1046 1766 vero
1079 1702 1185 1785 magis

168 1806 351 1872 mirandum
371 1829 470 1891 quam
491 1807 584 1874 haec:
610 1806 677 1872 seh.
695 1827 799 1891 marg.
818 1802 853 1894 (i.
874 1829 901 1871 e.
920 1806 987 1872 sch.
1007 1802 1052 1893 A)
1071 1829 1100 1872 v.
1119 1807 1182 1872 931

167 1911 237 1980 ἐπεὶ
259 1914 345 1997 γυνὴ
365 1910 477 1990 Ἀσίας
499 1936 558 1997 pro
583 1910 636 1978 ἐπὶ
659 1915 744 1996 γόνυ
763 1912 783 1996 ἡ
804 1909 925 1996 Ἀσίας,
950 1935 978 1977 v.
998 1913 1062 1978 636
1088 1911 1123 1978 ἐν
1142 1921 1185 1997 γῇ

166 2043 225 2104 pro
249 2021 362 2104 αἰανῆ,
398 2021 462 2086 571
488 2021 544 2085 διδι
567 2021 678 2103 φόβου
701 2041 761 2104 pro
785 2019 841 2084 διδ
865 2020 1073 2103 διφδόγγου,
1118 2021 1184 2083 242

167 2128 298 2211 ἔχονται
320 2149 380 2211 pro
402 2127 577 2212 μοίχονται,
611 2128 674 2192 171
693 2127 884 2210 παρρησίαν
904 2147 963 2209 pro
982 2127 1183 2210 παρουσίαν,

167 2235 209 2320 gl.
229 2234 295 2300 805
317 2235 569 2318 βουλεύσασθαι
592 2251 656 2320 pro·
675 2229 969 2319 στρατεύσασθαι.)

232 2339 372 2406 Leniora
394 2341 475 2407 haec
499 2345 586 2406 sunt:

232 2448 275 2532 gl.
301 2448 364 2513 146
397 2447 418 2532 η
451 2451 544 2533 χρεία
576 2448 639 2532 γὰρ
671 2444 728 2512 καὶ
760 2445 778 2511 ὁ
810 2447 924 2531 καιρὸς
953 2453 1010 2530 τῆς
1039 2444 1185 2530 ἀνοίγιιης

165 2549 336 2636 προσῆκον
357 2550 414 2618 καὶ
437 2552 601 2638 ἁρμόδιον
619 2564 712 2618 ποιεί
726 2553 764 2618 τὸ
784 2552 1018 2635 βουλεύεσθαι.
1060 2550 1185 2617 Contra

163 2659 211 2726 M:
234 2658 255 2743 ἡ
278 2660 342 2744 γὰρ
361 2661 455 2745 χρεία
473 2669 644 2745 προσηκον
660 2669 752 2724 ποιεί
766 2660 803 2724 τὸ
817 2659 1042 2742 βουλεύεσθαι
1057 2655 1112 2744 (cf.
1128 2656 1183 2746 A).

165 2763 324 2832 Similiter
354 2772 483 2832 aucium
512 2768 554 2851 gl.
579 2768 623 2832 80
653 2769 817 2842 πλουσίας
848 2767 955 2848 ἤγουν
986 2763 1023 2830 ἐκ
1054 2773 1183 2850 χρυσοῦ

163 2871 387 2957 γεγενημένης
414 2895 452 2939 eo
481 2873 567 2958 quod
597 2877 647 2938 esi
673 2882 743 2950 τοῖς
771 2869 847 2939 οὐσ1
872 2872 1030 2955 δηλονότι
1054 2869 1090 2936 ἐν
1112 2879 1180 2954 τῆς,

165 2981 291 3063 31122
316 2979 537 3066 ἐστερημένον
560 2979 696 3065 ἀνδρῶν
718 3002 757 3046 eo
781 2979 867 3064 quod
891 2982 942 3043 esi
965 2977 1017 3043 ότι
1036 2974 1105 3042 ἐστὶ
1125 2979 1181 3061 δη-

164 3089 291 3172 λονότι,
328 3088 372 3173 gl.
391 3088 413 3152 4
432 3087 514 3152 κατδ
532 3088 631 3172 τιμὴν
650 3086 808 3172 (Μεδίοεο
831 3082 1012 3171 firmatum)
1037 3106 1074 3150 eo
1095 3084 1180 3169 quod

164 3215 237 3258 cum
268 3193 326 3258 illo
359 3215 427 3259 non
460 3195 612 3260 convenit
644 3195 726 3258 κατὰ
757 3190 852 3270 τάξιν
887 3191 1041 3277 γηραιόν.
1096 3191 1180 3256 Tum

164 3299 208 3386 gl.
225 3300 269 3366 48
293 3301 424 3386 ἔχοντες
443 3301 611 3384 δηλονότι,
630 3306 667 3364 ui
684 3323 742 3384 per
767 3321 801 3364 se
819 3321 1015 3383 perversum,
1038 3298 1088 3363 ita
1106 3297 1180 3362 inde

162 3407 283 3472 falsum
301 3428 371 3474 esse
392 3408 611 3492 cognoseiiur,
634 3407 719 3492 quod
738 3429 804 3472 non
823 3405 962 3490 quadrat
982 3405 1022 3470 ad
1043 3406 1179 3469 alterum

161 3514 206 3602 gl.
232 3510 394 3600 ίξορμῶσι
423 3515 593 3598 δηλονότι·
626 3512 690 3578 ἀπὸ
718 3520 844 3578 κοινοῦ.
891 3511 962 3578 Ηοο
991 3515 1100 3647 ομδειιι
1128 3511 1180 3574 de·

977 3614 996 3668 d
