2642 3864
173 199 237 266 156
604 205 760 256 SOHOLIA

240 366 304 432 491
341 365 526 432 κάντεῦθεν
544 365 642 451 ἡμᾶςε
661 365 725 432 ιἀτὸ
746 363 782 431 δὲ
800 374 858 450 τῆς
876 375 936 451 γῆς
955 378 1022 432 τῶν
1044 367 1191 434 Φωκέων

172 470 304 552 ἐδέξατο
336 471 423 556 ἡμᾶς
454 473 475 556 ἡ
507 482 549 557 νῆ
581 483 650 538 τῶν
679 467 819 558 Ἀχαιῶν
850 465 907 538 καὶ
940 473 961 558 ἡ
993 477 1089 551 τιόλις
1123 485 1192 540 τῶν

172 583 345 644 Θετταλῶν
369 577 493 657 ἐνδεεῖς
516 581 619 656 όντας-
638 577 695 645 καὶ
720 575 901 665 χρῄζοντας
923 589 1059 665 τροφῆς.
1105 580 1192 646 ὅπου

172 685 293 770 <λιάν>
325 684 445 752 πολλοὶ
477 685 649 752 ἀπέθανον
683 685 748 751 ἀπό
780 709 816 751 τε
848 687 949 770 δίψης
980 684 1035 752 καὶ
1065 690 1191 771 κείνης.

145 801 275 857 ιταῦτα
298 793 361 878 νδιρ
385 787 428 876 ἦν
450 796 534 858 τότε.

245 954 259 1001 1
275 948 307 1003 δὲ
322 965 377 1004 om.
391 949 418 1004 V
432 979 465 989 -
485 951 619 1019 φωκίδων
633 949 703 1004 V-
723 957 738 1005 3
761 945 870 1006 ἕνδεεῖν
884 950 911 1005 V
926 982 957 990 -
978 957 995 1004 4
1008 951 1072 1006 ’ἀτιδ
1090 953 1191 1024 πείνης

173 1019 221 1074 καὶ
241 1021 327 1090 δίψης
341 1019 368 1073 V

240 1856 305 1921 497
352 1857 484 1941 Βόλβης
506 1851 546 1921 θ’
567 1855 676 1924 ἕλειον
700 1858 841 1924 δόνακας
868 1861 982 1943 Βόλβη
1012 1861 1119 1944 ὄνομα
1142 1863 1192 1925 λί-

174 1987 258 2047 μνης
281 1967 446 2050 Θρᾳκικῆς
468 1963 540 2048 ἥτις
561 1964 694 2048 ὑλώδης
716 1962 772 2030 καλ
794 1966 1005 2050 τελματώδης
1028 1961 1113 2032 οὖσα
1135 1965 1192 2032 καλ

172 2070 345 2155 κόθννρος
368 2070 512 2148 δόνακας
534 2073 680 2149 πολλοὺς
703 2071 922 2138 ἀναδίδωσιν.

245 2234 260 2280 2
281 2216 386 2296 ἑλώδης
403 2229 489 2295 vulgo
505 2260 537 2268 -
556 2229 739 2298 πελματόδης
753 2229 778 2282 V
794 2261 825 2269 -
845 2234 862 2282 3
881 2229 1037 2284 ἀναδίδωσι
1051 2229 1145 2299 vulgo.
1156 2261 1189 2272 -

173 2299 216 2352 Ex
233 2297 256 2351 P
274 2298 338 2354 add.
352 2298 418 2355 Dd.:
437 2297 500 2366 ἤτοι
519 2299 643 2372 βαότομα
661 2301 711 2354 καὶ
728 2299 846 2370 τιόκιιρα
865 2300 935 2355 όιλλδι
954 2300 989 2370 δὴ
1009 2300 1058 2355 καλ
1072 2303 1192 2374 βολβοὺς

173 2367 236 2435 ἤτοι
254 2367 336 2425 ὕδνα.
357 2401 388 2410 -
408 2367 492 2436 ἤτοι.
509 2368 648 2441 ,πόκνρα
666 2371 752 2426 etiam
771 2371 802 2424 in
823 2361 854 2428 O.

241 3348 308 3413 500
318 3370 386 3433 sqq.
423 3347 529 3431 ἁγνοῦ
548 3351 757 3433 Στρυμόνοςε
780 3348 886 3432 ἁγνοῦ
905 3350 961 3416 διὰ
979 3351 1016 3414 τὸ
1035 3351 1191 3435 καθαρὸν

245 3503 360 3558 Initium
379 3503 419 3559 sic
437 3503 542 3573 legissur
560 3520 605 3574 ap.
619 3503 686 3560 Βόα
705 3503 809 3574 ἁγνούς
828 3523 899 3574 φασι
916 3506 981 3566 τοὺς
995 3507 1138 3576 ποταμοὺς
1153 3507 1191 3570 ὡς

175 3574 259 3638 ὄντας
276 3583 325 3645 τῆς
343 3573 493 3630 ἀθανάταν
512 3573 623 3645 φύσεως
640 3577 758 3645 μίμημα.
786 3574 860 3646 λέγει
879 3575 910 3631 δὲ
929 3576 978 3630 καλ
996 3576 1045 3631 τδν
1059 3575 1189 3648 παρόντα
