2642 3864
154 199 217 265 186
585 198 741 250 SCHOLIA

220 363 282 428 631
295 383 362 446 sqq.
409 358 496 446 ἀλλ’,
525 355 550 425 ὦ
578 361 714 444 χθόνιοι
742 361 834 442 θεοί,
862 367 904 442 γῆ
928 381 962 423 τε
990 355 1046 424 καί
1068 353 1172 442 Ἑρμῆ

151 467 207 534 καὶ
227 465 445 552 ὦΠλοότων,
463 471 602 552 βασιλεῦ
620 477 688 532 τῶν
706 477 846 552 νεκρῶν,
870 464 1018 548 πέμψατε
1037 464 1070 542 ἐς
1090 475 1173 548 φῶς,
1274 514 1278 522 ·
1311 433 1312 480 1

151 578 259 660 ῆγουν
284 575 442 658 ἐνταῦθα,
465 575 549 660 πρὸς
571 573 666 658 ἡμᾶς,
691 571 755 638 ἀπὸ
778 581 846 636 τῶν
869 571 957 637 καίτοι
978 572 1041 655 τῆν
1060 569 1172 655 ψυχὴν

151 691 212 747 τοῦ
240 683 399 765 Δαρείου.
446 683 477 745 εἰ
502 681 566 765 γάρ
594 703 626 744 τι
654 681 734 756 ἄκος
764 689 832 743 τῶν
863 676 1033 764 ἡμετέρων
1061 688 1173 741 κακῶν

125 786 255 854 επλέον
286 785 342 852 καί
375 769 526 852 ἐπέκεινα
559 781 662 868 οἰόεν,
695 787 803 870 ῆγουν
835 794 976 870 νικῆσαν
1006 785 1047 848 τὰ
1078 783 1174 868 ἡμῶν

151 895 250 978 κακοί,
284 896 387 980 μόνος
415 892 457 959 ἂν
485 888 583 970 οὗτος
611 892 675 958 ἀπὸ
702 903 770 957 τῶν
798 891 991 976 ἀνθρώπων
1020 897 1108 956 εἰποι
1134 893 1173 957 τὸ

151 1001 255 1086 πέρας
281 998 336 1066 καὶ
366 1009 436 1076 πῶς
464 1000 549 1065 αὐτὰ
576 997 632 1065 καὶ
659 1001 738 1065 πότε
769 995 824 1063 καὶ
846 1000 913 1062 τίνι
936 1000 1048 1085 τρόπῳ
1073 997 1172 1080 ἐκφύ-

152 1131 274 1192 γωμεν.
346 1109 354 1121 “

187 1307 188 1310 ¹
227 1271 241 1318 1
261 1263 333 1318 ἀλλὰ
350 1261 466 1334 χθόνιοι
483 1262 510 1315 Η
528 1294 563 1305 -
582 1271 598 1320 2
618 1259 640 1318 ὦ
658 1263 794 1318 Πλούτων
813 1279 869 1318 om.
882 1261 909 1316 H
929 1293 961 1302 -
990 1262 1100 1333 βασιλεῖ
1116 1269 1173 1316 τῶν

154 1337 306 1408 βασιλικῶν
323 1334 351 1389 Η
374 1367 407 1376 -
430 1334 556 1404 πέμψετε
574 1335 601 1389 Η
630 1366 662 1376 -
691 1333 732 1398 εἰς
749 1333 776 1387 Η
804 1365 839 1376 -
866 1331 966 1400 δέλτοι
983 1331 1032 1386 hio
1050 1335 1080 1386 et
1097 1332 1174 1386 infra

154 1407 301 1478 (v.'5)vH
329 1438 363 1447 -
391 1405 475 1461 ὁκαὶ
494 1402 628 1462 ἐπέκεινα
646 1423 700 1460 om.
715 1407 742 1460 H
770 1437 804 1446 -
831 1411 953 1474 νικῆσαν
972 1403 1173 1472 VHDd.exP‚

153 1477 311 1548 νικήσαντα
326 1478 348 1532 0
368 1510 401 1517 -
422 1484 438 1532 6
456 1475 543 1548 μόνος
561 1475 598 1533 ἂν
617 1473 698 1541 οὗτος
716 1479 792 1532 είιτοι
810 1476 868 1532 ἀπὸ
886 1485 943 1532 τῶν
962 1475 1125 1546 ἀνθρώπων
1139 1475 1173 1542 V,

154 1547 299 1664 μῆρριςὸτῆν
322 1551 398 1604 εἰποι
421 1544 503 1612 οὗτος
525 1549 556 1604 τὸ
574 1548 664 1620 πέρας
682 1550 708 1603 Η
731 1545 769 1589 ’-
799 1555 814 1604 7
834 1547 884 1604 καλ
901 1547 970 1604 πότε
990 1564 1043 1603 om.
1063 1546 1119 1600 VH
1139 1577 1173 1586 -

153 1674 204 1730 καί
221 1677 278 1729 τίνι
296 1675 323 1729 Η

221 1962 286 2026 636
298 1983 366 2046 sqq.
399 1955 472 2046 ἦρ’
490 1961 555 2026 ἀΐει
574 1985 640 2045 μου
663 1963 856 2046 μακαρίταςε
880 1955 944 2044 ἆρα
968 1945 1082 2024 ἀκούει
1106 1983 1173 2043 μου

154 2067 172 2133 ὁ
195 2070 376 2154 μακαρίτης
398 2074 559 2152 Δαρεῖος,
588 2067 606 2132 ὁ
630 2069 766 2144 ἰσόθεος
788 2069 958 2150 βασιλεύς,
988 2064 1095 2143 ἱέντος
1117 2064 1182 2131 καί,

152 2174 340 2258 πέμποντος
366 2176 407 2239 τὰ
433 2175 588 2260 βάρβαρα
615 2177 712 2257 λόγια
744 2182 878 2257 σαφηνῆ
908 2171 964 2238 καὶ
991 2182 1097 2258 ταφῆς
1132 2172 1173 2237 οὐ

151 2282 216 2365 γὰρ
248 2282 417 2366 δυσνόητα
445 2281 548 2346 ταῦτά
580 2305 667 2364 φημι
698 2281 738 2345 τίι
770 2283 903 2344 ποικίλα
935 2279 1085 2363 βάγματα
1117 2277 1174 2345 καί

129 2391 354 2473 εφωυῆματα,
392 2389 431 2451 τὰ
463 2389 561 2472 αἰανῆ
594 2384 649 2452 καί
683 2387 838 2450 σκοτεινὰ
875 2383 931 2450 καὶ
962 2387 1085 2464 θλίψιν
1117 2383 1173 2449 καὶ

154 2495 259 2578 ἀχλὺν
276 2493 480 2577 ἐμποιοῦντα
497 2504 568 2570 τοῖς
586 2495 770 2575 κλαίουσιν,
802 2491 913 2558 ἰστέον
932 2490 981 2576 δέ,
1000 2491 1052 2556 ότι
1070 2515 1173 2576 μακα-

156 2605 248 2685 ρίτης
271 2600 289 2666 ὁ
313 2601 469 2682 τεθνεώς,
492 2600 653 2684 μακάριος
676 2599 694 2664 ὁ
720 2603 792 2678 ζῶν.

226 2758 318 2829 1ἄρα
335 2758 363 2812 Η
391 2789 422 2796 -
452 2757 537 2811 2καί
556 2756 571 2812 ὁ
590 2757 746 2827 μακαρίτης
764 2758 791 2812 Η
819 2789 853 2797 -
881 2756 1032 2826 μακθεὸς
1049 2760 1173 2822 Δαρεῖος

155 2831 240 2900 vulgo
269 2861 301 2870 -
331 2827 513 2903 λβοάγματα
533 2829 555 2882 V
576 2859 611 2868 —
640 2826 834 2899 ὀφιονήματα
851 2829 918 2891 τοὺς
936 2822 967 2882 ἐν
985 2834 1021 2898 γῆ
1040 2826 1089 2881 καλ
1108 2844 1174 2881 σκο-

155 2902 265 2964 τεινοίις
283 2901 309 2955 V
328 2931 362 2942 -
381 2898 469 2971 αἰανῆ
488 2899 537 2954 καὶ
556 2917 610 2955 om.
629 2899 657 2954 H
683 2931 715 2940 -
745 2907 761 2954 6
781 2899 868 2970 ἀχλὺν
888 2897 990 2970 ἔχοντα
1008 2897 1058 2954 καλ
1077 2893 1173 2967 ἐμποι-

157 2981 245 3027 οῦντα
263 2971 290 3025 Η
309 3005 342 3013 -
363 2969 454 3027 ἰστέον
474 2969 506 3027 δὲ
525 2976 581 3027 κτλ.
598 2987 652 3028 om.
668 2970 780 3026 OPVH
