2628 3892
116 167 204 219 LXVI
431 165 641 219 ADNOTATIO
662 165 818 218 CRITIGA.

116 341 174 380 non
194 324 334 380 convenit.
371 323 459 378 Recte
477 323 566 393 igitur
579 323 699 394 vulgata
716 322 802 379 lectio
821 339 850 379 se
869 323 965 393 habet,
983 323 1040 378 nisi
1054 325 1131 394 quod

116 404 166 452 τοῦ
189 403 274 467 χοροῦ
302 393 436 451 omissum
464 400 516 451 est.
558 395 618 449 Iam
646 396 671 450 si
701 396 811 450 textum
840 395 893 450 Dd.
916 395 1131 465 examinaveris,

119 467 264 608 {titii
279 467 411 594 iiii?
430 466 506 602 ³225}
519 467 692 600 ittet?
709 465 981 602 {refutatu
997 467 1129 594 titt·

116 611 209 680 Atque
228 609 270 665 sic
282 559 319 665 iri
327 559 508 679 aliguovcod,
526 611 600 664 unde
610 560 641 664 ρΟ
657 581 687 663 et
699 608 722 663 Ρ
736 558 875 680 0ήὲἱὲοηῖ
889 609 1035 679 duxerunt,
1050 559 1130 665 {erte

116 681 279 752 legebatur,
311 681 473 751 priusquam
504 679 592 735 verba
624 679 867 736 confunderentur.
915 682 970 735 Sed
1001 683 1130 751 apertum

116 752 230 807 videtur
256 768 339 807 voces
365 759 415 808 τοῦ
442 758 528 823 χοροῦ
554 767 694 820 nusquam
722 751 777 806 nisi
804 754 870 821 post
892 749 1013 822 ὑμετέρα
1035 752 1131 808 locum

117 824 231 880 habere.
268 822 314 878 Sic
338 825 433 878 autem
457 822 647 892 corruptelam
673 821 876 893 expediverim,
899 825 932 877 ut
954 827 1077 878 statuam
1100 825 1130 880 iu

117 895 178 949 cod.
191 893 271 949 libris
281 893 417 948 Parisinis
431 897 461 948 et
474 894 565 948 textui
573 892 687 964 vulgari
701 893 843 949 communi
858 893 999 949 alibrario
1009 895 1131 964 primum

117 965 252 1020 omissum
274 981 335 1021 ease
357 974 408 1021 τοῦ
431 971 530 1035 χοροῦ,
558 965 620 1019 tum
647 981 733 1035 supra
755 983 867 1020 versum
895 965 1032 1022 additum.
1070 965 1130 1031 Quo

116 1037 223 1161 {aptum
242 1039 294 1106 est,
312 1038 344 1090 ut
362 1036 435 1090 illud
453 1035 484 1090 in
504 1035 584 1091 codd.
600 1035 737 1091 derivatis
751 1036 834 1091 modo
849 1053 907 1091 non
920 1037 1033 1106 legatur
1046 1037 1130 1091 modo

131 1124 191 1162 aso
222 1124 282 1163 oco.

189 1177 231 1232 Ex
254 1177 299 1232 his
327 1178 448 1232 maxime
476 1195 547 1246 quas
575 1177 693 1248 exposui
720 1177 964 1234 observationibus
991 1179 1130 1233 rationem

118 1247 251 1304 editionis
279 1248 426 1304 faciendae
454 1248 582 1320 repetivi.
624 1249 686 1304 Etsi
712 1249 868 1320 imparibus
891 1249 998 1305 viribus
1026 1250 1130 1305 molem

117 1337 246 1376 curarum
271 1317 432 1376 criticorum
455 1321 578 1390 suscepi,
607 1336 687 1391 spero
710 1322 807 1375 tamen
829 1322 889 1378 foro
912 1324 1024 1377 utnon
1065 1320 1130 1375 lane

91 1443 92 1446 ,
117 1392 243 1473 ineptum
262 1391 329 1446 viris
353 1391 444 1446 doctis
463 1391 595 1447 videatur
617 1409 696 1461 opus,
724 1392 890 1462 pracsertim
916 1409 979 1448 cum
1007 1411 1022 1448 e
1078 1409 1131 1462 rga

116 1480 259 1518 variarum
286 1462 440 1518 lectionum
469 1462 552 1534 copia
577 1465 768 1532 unusquisque
792 1481 827 1519 ea
854 1464 1003 1520 emendare
1029 1463 1129 1535 possit,

117 1551 190 1604 quae
208 1534 269 1605 ipse
288 1537 339 1589 aut
356 1551 505 1605 perperam
524 1535 649 1590 autnon
666 1535 813 1604 temptavi.
