2628 3892
129 124 153 176 L
528 124 740 179 PRAEFATIO.
841 132 844 139 '

199 285 348 350 Diximus
371 285 529 350 hactenus
553 284 591 350 de
615 284 749 350 scholiis
773 285 932 370 genuinis,
976 285 1045 351 Nec
1069 308 1146 352 vcro

131 392 317 478 negandum
357 395 407 456 cst
444 392 555 476 spuria
591 393 625 456 in
662 392 752 458 codd.
787 413 868 458 recc.
905 393 1052 458 inveniri.
1079 391 1147 458 ·Ut

131 499 321 564 omittamus
349 499 475 564 scholia
502 497 697 584 Byzantina,
730 520 811 584 quae
845 500 892 563 eis
924 503 993 563 tam
1026 499 1148 585 referta

130 604 197 670 sint
225 608 259 670 et
285 609 352 670 tam
380 606 479 690 plena
505 626 681 691 nugarum,
704 609 742 670 ut
764 605 933 690 archetypi
955 606 1064 690 imago
1088 606 1145 670 ob·

130 715 259 777 scutata
282 712 338 794 sit,
367 713 601 796 examinemus,
630 734 712 797 quae
741 713 942 799 glossemata
964 713 998 776 in
1021 711 1091 778 cod.
1114 712 1145 776 V

128 818 328 903 interpolata
352 818 426 882 sint
472 817 506 883 Is
530 819 616 883 enim
639 820 745 883 instar
767 819 912 884 omnium
941 819 994 884 sit.
1041 818 1145 885 Caute

129 929 238 989 tamen
271 924 542 1009 progrediendum
580 929 643 1007 est,
680 925 836 1009 quoniam
869 930 998 991 constat
1035 926 1145 990 arche-

128 1035 242 1116 typum
271 1052 338 1094 non
365 1031 470 1096 solum
500 1031 726 1117 gravissimas,
754 1032 809 1096 sed
838 1032 937 1096 etiam
960 1033 1145 1096 levissimas

128 1138 325 1203 continuisse
367 1137 605 1203 adnotationes.
661 1137 776 1223 Itaque
817 1161 856 1204 ea
896 1143 1026 1204 tantum
1061 1161 1144 1224 quae

128 1249 216 1308 certe
243 1249 358 1329 postca
380 1243 503 1308 inserta
531 1256 608 1309 sunt
635 1267 652 1308 e
681 1246 794 1310 multis
824 1234 956 1310 scholiis
985 1231 1144 1329 suspectis

128 1349 326 1416 hauriamus.

171 1455 251 1522 Inde
285 1461 393 1522 autem
426 1458 697 1543 proficiscendum
730 1459 871 1542 videtur,
908 1458 995 1542 quod
1031 1479 1143 1522 vorsus

127 1567 202 1647 post
224 1586 253 1629 v.
272 1565 337 1630 256
361 1566 590 1650 interpolatus:
620 1564 749 1649 στέργει
776 1566 840 1651 γὰρ
864 1562 977 1640 οὐδεὶς
999 1565 1143 1648 ἄγγελον

125 1679 237 1735 κακῶν
271 1669 371 1755 ἐπῶν,
405 1673 460 1756 qui
493 1671 528 1735 in
556 1671 590 1735 M
619 1671 738 1736 scholii
765 1673 838 1737 loco
871 1672 1052 1756 adscriptus
1085 1676 1144 1756 est,

126 1776 207 1842 haec
231 1777 332 1842 habet
355 1779 566 1864 glossemata:
590 1776 712 1864 ἀγαπᾷ,
736 1781 899 1862 μηνυτήν,
922 1780 1042 1862 λόγων.

195 1883 320 1960 Quibus
344 1884 583 1968 adiungendum
604 1888 655 1949 est
674 1886 716 1969 gl.
731 1908 761 1949 v.
779 1886 841 1951 126
858 1887 1032 1968 γενήσεται
1047 1907 1144 1970 super

126 1992 229 2074 ἔσται,
253 1991 340 2076 quod
362 1996 439 2074 post
460 1993 736 2074 γυναικοπληθὺς
753 1993 898 2057 intexta
917 1993 1045 2076 legitur,
1064 1991 1142 2056 olim

126 2101 235 2162 autem
260 2119 357 2182 super
379 2097 496 2162 ἀπύων
515 2103 684 2164 exaratum
703 2099 766 2164 fuit
784 2096 841 2186 (cf.
861 2098 925 2164 sch.
943 2098 979 2164 M
997 2096 1017 2180 ἢ
1037 2100 1142 2162 λείπει

124 2205 162 2268 τὸ
187 2205 291 2268 ἔσται·
315 2205 407 2268 ἔσται
430 2203 555 2286 ἀπύων,
579 2206 624 2290 gl.
641 2205 675 2268 H
697 2207 803 2270 λείπει
825 2205 863 2268 τὸ
888 2200 1003 2288 ἔσται).

193 2308 277 2373 Tum
305 2310 406 2375 verba
433 2316 588 2395 corrupta
620 2333 680 2395 pro
708 2311 792 2374 veris
824 2309 1049 2392 explanantur.
1093 2305 1142 2372 Of,

126 2418 169 2503 gl.
193 2438 222 2481 v.
247 2415 312 2481 625
340 2416 380 2481 ad
408 2415 553 2500 ἀπόνως,
582 2416 668 2501 quod
696 2437 755 2500 pro
789 2416 956 2498 γαπότους
984 2413 1142 2499 scriptum

125 2528 193 2588 est:
230 2520 401 2609 ἐξαιρέτως
437 2523 574 2589 πάντων
612 2524 778 2605 δηλονότι.
834 2521 966 2607 Spectat
1001 2521 1064 2586 hoc
1101 2521 1141 2584 sd

124 2628 253 2706 ἀτόπως
287 2631 459 2695 lectionem
492 2631 723 2695 nonnullorum
751 2629 897 2694 codicum
926 2626 970 2713 (γ’
998 2627 1142 2704 ἀτόπους

124 2734 181 2824 Η).
201 2775 242 2784 -
263 2738 306 2822 gl.
327 2760 355 2802 v.
374 2737 438 2803 531
462 2738 502 2802 ad
521 2747 669 2821 πυστοῑς,
688 2737 774 2822 quod
794 2759 853 2821 pro
871 2736 1018 2802 πιστοῖσι
1037 2740 1140 2800 extat:

122 2841 179 2909 καὶ
208 2844 418 2922 διδακτικοϊς.
450 2882 487 2890 -
524 2845 567 2929 gl.
591 2845 657 2909 374
685 2844 725 2908 ad
756 2843 899 2928 κράτους
931 2865 990 2927 pro
1020 2844 1141 2927 κρατὸς
1226 2887 1227 2890 =

124 2955 306 3015 exaratum:
330 2951 489 3030 ἐξουσίας.
513 2987 556 2998 —-
580 2951 623 3036 gl.
637 2950 704 3016 560
727 2951 767 3015 ad
792 2951 961 3026 Σουσίδος
988 2971 1027 3012 ex
1050 2952 1140 3012 Σου-

123 3058 234 3135 σίδαις
253 3063 454 3142 corruptum:
472 3059 609 3134 πόλεως,
629 3093 669 3106 -—
690 3059 734 3141 gl.
753 3059 817 3125 937
838 3057 878 3122 ad
896 3057 962 3141 πρὸ
980 3058 1141 3140 φθόγγου

123 3187 161 3229 ex
184 3165 429 3250 πρόσφθογγον
458 3163 507 3252 (Μ
530 3164 769 3252 προφθόγγου)
801 3166 1026 3250 depravatum:
1050 3162 1141 3246 πρώ-

121 3294 182 3336 του
206 3272 318 3354 λόγου.
342 3307 385 3318 -
408 3273 452 3357 gl.
471 3273 536 3338 316
561 3272 682 3349 οἵτινες
705 3271 794 3358 (vide
812 3295 843 3356 p.
862 3267 979 3357 XXV).

189 3377 271 3443 Tum
314 3379 457 3463 pessima
494 3381 785 3466 interpretamenta
827 3360 1049 3444 inveniuntur:
1096 3375 1141 3461 gl.

121 3509 150 3553 v.
171 3486 236 3552 170
259 3484 343 3568 ὅσην
363 3485 508 3572 δύναμιν
528 3487 546 3554 ὁ
565 3488 689 3575 χρυσὸς
707 3489 783 3573 ἔχει.
799 3525 841 3534 -
857 3487 899 3572 gl.
914 3509 942 3551 v.
959 3483 1023 3551 195
1041 3481 1142 3566 ἐπυρ-
