2632 3878
415 957 417 962 “
525 947 834 1020 PRAEFATIO.

240 1212 292 1278 Ad
330 1211 485 1298 Aeschyli
526 1211 653 1277 fabulas
695 1211 906 1278 recensendas
944 1213 1059 1298 quibus
1096 1214 1188 1280 libris

174 1343 273 1386 manu
298 1319 427 1405 scriptis
446 1319 526 1384 fides
545 1322 578 1384 et
597 1319 774 1386 auotoritas
794 1319 998 1405 adiungenda
1017 1320 1068 1404 sit,
1093 1343 1187 1406 quae·

174 1428 237 1492 stio
266 1427 461 1512 gravissimu
488 1430 546 1492 est.
593 1425 682 1517 Quae
711 1431 868 1512 quantum
900 1427 941 1492 ad
965 1426 1131 1494 Oresteam
1156 1433 1189 1494 et

174 1533 342 1618 Supplices
366 1537 494 1620 spectat
517 1556 590 1598 cum
612 1535 679 1598 iem
702 1535 750 1600 ite
773 1533 952 1618 disceptata
975 1536 1026 1618 sit,
1049 1539 1086 1600 ut
1105 1537 1189 1602 codi-

174 1663 244 1707 cem
267 1641 448 1708 Mediceum
471 1663 573 1706 unum
601 1643 681 1706 artis
710 1641 840 1708 criticae
870 1642 1091 1707 adiumentum
1119 1665 1188 1708 ease

173 1754 302 1815 constet
315 1786 359 1796 -
374 1749 516 1834 exceptis
539 1749 693 1814 nimirum
713 1749 857 1814 versibus
877 1749 934 1834 qui
952 1749 1040 1814 foliis
1060 1750 1189 1815 amissis

174 1856 367 1921 interierunt
382 1878 438 1920 —:
462 1857 501 1921 de
520 1856 567 1920 eis
588 1856 643 1940 qui
659 1855 847 1922 Promethei
866 1853 997 1940 Septem
1016 1857 1188 1923 Persarum

173 1962 304 2028 fabulas
328 1967 457 2028 tantum
481 1963 741 2047 complectuntur
763 1963 858 2028 libris
876 1963 1020 2028 nondum
1039 1963 1190 2030 diiudica-

173 2073 243 2134 tum
268 2074 326 2138 est.
372 2069 455 2136 Sunt
483 2071 583 2154 enim,
611 2071 668 2154 qui
696 2092 751 2136 eos
775 2093 793 2134 e
816 2071 884 2136 eod.
906 2068 942 2134 M
965 2071 1101 2154 pendere
1125 2076 1189 2136 sta·

173 2177 305 2259 tuerint,
328 2180 413 2261 sunt,
437 2177 491 2262 qui
515 2177 735 2241 adversentur.

241 2284 350 2368 Atque
373 2287 411 2348 ut
437 2283 549 2368 paucis
572 2283 635 2348 hac
659 2283 698 2348 de
726 2281 945 2348 controversia
970 2283 1098 2367 loquer,
1126 2285 1189 2367 pri-

174 2415 247 2458 mus
275 2390 436 2476 Georgius
464 2389 642 2476 Burgesius
670 2389 703 2454 in
732 2389 804 2455 adn.
828 2389 869 2454 ad
898 2387 1009 2475 Suppl.
1038 2388 1080 2476 (a.
1102 2391 1187 2458 1821

174 2500 276 2566 Lond.
296 2495 360 2586 ed.)
382 2520 412 2582 p.
431 2499 474 2563 41
504 2497 603 2562 nullis
630 2497 768 2582 prolatis
798 2498 998 2582 argumentis
1022 2499 1191 2564 contendit

173 2607 225 2672 ‘ex
246 2609 331 2672 libro
350 2605 435 2670 Med.
454 2627 512 2670 ceu
535 2605 626 2670 fonte
650 2603 789 2669 derivari
813 2610 936 2668 ceteros
956 2625 1066 2669 omnes
1086 2606 1189 2670 libros

172 2715 413 2798 manuscriptos
428 2712 462 2777 in
477 2711 678 2777 bibliotheca
693 2711 839 2796 qualibet
855 2710 1067 2776 adservatos'.
1104 2711 1188 2776 Ean·

172 2823 246 2888 dem
275 2821 468 2886 sententiam
496 2819 633 2903 protulit
656 2817 800 2884 Cobetus
828 2818 863 2882 in
892 2819 1063 2902 orationis,
1091 2841 1188 2903 quam

172 2929 212 2992 de
254 2933 323 2992 arte
365 2926 601 3010 interpretandi
641 2926 757 2990 hebuit
797 2924 949 3010 Lugduni
988 2925 1188 2991 Batavorum

172 3058 202 3100 a.
232 3035 335 3118 1846,
372 3033 559 3118 appendicis
597 3057 626 3118 p.
657 3033 730 3099 103.
790 3031 851 3097 Sed
888 3054 929 3096 nc
966 3031 1022 3096 ille
1060 3030 1190 3116 quidem

172 3142 331 3224 exemplis
359 3162 437 3205 usus
465 3145 524 3206 est.
570 3141 691 3205 Tamen
714 3139 902 3205 Dindorfius
930 3139 965 3202 in
993 3138 1190 3204 editionibus

172 3248 332 3332 Aeschyli
373 3249 476 3314 solam
513 3247 648 3312 Medicei
689 3247 766 3311 libri
807 3246 998 3312 memoriam
1038 3246 1189 3329 respexit.

172 3352 298 3420 Contra
321 3353 525 3420 Godofredus
548 3353 755 3420 Hermannus
780 3354 814 3418 in
837 3353 978 3418 editione
1002 3353 1077 3416 anni
1102 3352 1188 3418 1853

173 3463 296 3528 multcs
312 3461 480 3527 adnotavit
493 3462 652 3527 librorum
665 3460 882 3526 recentiorum
901 3459 1057 3525 lectiones
1070 3457 1190 3524 varias.

174 3568 373 3634 Ritschelius
407 3572 515 3634 autem
548 3568 584 3633 in
614 3567 716 3651 praef.
747 3567 865 3650 prioris
893 3563 1025 3652 Septem
1058 3564 1189 3628 fabulae

175 3676 329 3742 editionis
363 3675 500 3762 (Elberf.
526 3673 665 3739 a.1853
698 3669 820 3758 factae)
853 3672 946 3736 dixit:
979 3669 1121 3734 codicem
1153 3665 1189 3730 M
