2632 3878
134 106 227 156 XVIII
539 105 750 158 PRAEFATIO.

207 265 296 350 Ergo
321 266 356 330 in
379 269 452 330 utro
477 267 585 332 codice
609 266 794 331 coniectura
817 266 942 331 librarii
965 267 995 332 h.
1014 268 1034 332 l.
1054 272 1158 349 extat,

136 374 171 437 in
193 371 228 437 M
252 395 294 436 an
316 373 351 436 in
374 372 429 438 V?
1071 437 1074 441 ,

191 498 236 545 ,1.
258 476 327 544 313
352 480 386 544 in
410 503 474 546 uno
495 481 562 546 cod.
581 480 611 546 V
631 481 689 546 illa
711 481 890 545 clarissima
908 479 1003 545 lectio
1024 487 1157 546 servata

137 591 201 671 est,
229 610 325 670 quam
350 586 593 652 Heimsoethius
621 588 657 652 in
685 588 788 652 lucem
816 588 953 671 protulit
981 582 1067 674 (libr.
1096 589 1155 672 qui

137 698 187 758 est
215 695 253 758 tle
277 694 431 776 Aeschyli
459 695 616 759 memoria
644 717 674 778 p.
694 693 744 773 bl:
776 695 969 778 κυκώμενοι.
1021 692 1155 778 Optime

139 801 177 865 dc
198 823 236 865 ea
255 801 336 864 dixit
354 801 523 883 Reuterns,
547 801 624 864 diss,
643 824 672 884 p.
689 803 718 865 7.
754 801 790 865 In
811 801 846 864 M
864 801 1042 885 ceterisque
1062 801 1154 865 codd.

137 907 322 990 corruptela
336 907 454 991 legitur
466 903 655 992 νικώμενοι,
670 930 768 992 quam
778 907 965 994 Dindorfius
976 907 1153 971 Teuffelius

138 1011 281 1077 Sorofius
306 1007 351 1098 (p.
371 1012 428 1099 34)
457 1014 565 1097 neseio
594 1036 657 1098 quo
687 1037 796 1079 amore
819 1014 956 1078 Medicei
984 1014 1152 1079 obcaecati

63 1145 65 1150 ’
136 1120 441 1202 comprobaverunt.
483 1119 694 1206 Weclrlinius,
717 1121 828 1205 quiin
853 1121 971 1186 Philol.
994 1145 1023 1186 v.
1042 1119 1152 1186 XXXI

140 1249 171 1311 p.
188 1227 251 1291 719
276 1248 349 1291 oum
368 1226 593 1292 Heimsoethio
613 1229 742 1312 iecerat,
764 1229 799 1293 in
813 1227 961 1292 Teuffelii
979 1227 1152 1292 Persarum

137 1333 212 1397 edit.
230 1331 280 1397 III
304 1357 323 1397 a
348 1356 381 1398 se
406 1339 519 1399 curata
542 1319 733 1400 retractavit
756 1335 959 1400 sententiam.

203 1457 235 1509 v.
256 1437 327 1505 300
351 1440 381 1504 V
410 1444 444 1504 et
472 1441 518 1506 ed.
543 1440 625 1507 Rob.
655 1441 810 1506 exhibent
840 1441 1025 1527 ἀρχελάων,
1057 1439 1091 1503 M
1119 1445 1153 1504 et
1289 1381 1290 1472 i

137 1551 212 1612 cett.
236 1547 311 1611 libri
337 1545 526 1632 ἀρχελείων.
572 1545 698 1612 Codicis
722 1548 753 1613 V
776 1548 958 1629 lectionem,
988 1569 1070 1632 quae
1094 1570 1154 1631 per
1289 1519 1290 1560 ἶ

136 1676 170 1717 se
199 1655 302 1718 multo
328 1659 473 1738 praestat
501 1655 557 1718 isti
588 1655 763 1721 artificioso
791 1653 971 1740 ἀρχελείων
1001 1653 1056 1742 (cf.
1079 1656 1153 1720 adn.
1289 1675 1290 1684 ¹

135 1757 346 1847 Hermanni),
373 1761 575 1825 verissimam
604 1783 674 1826 ease
698 1763 791 1827 docet
815 1763 979 1848 glossema
1002 1761 1036 1825 M
1059 1765 1152 1827 textu

136 1868 309 1932 vetustius:
333 1872 424 1932 λαῶν
443 1867 615 1952 ἀρχόντων
635 1872 668 1932 et
687 1869 847 1933 scholion:
871 1868 1063 1952 ἄρχελείωνε
1082 1880 1154 1934 τῶν

135 1974 310 2059 βασιλέων,
334 1974 398 2041 ἀπὸ
422 1984 482 2041 τοῦ
505 1987 571 2040 τῶν
596 1979 686 2041 λαῶν
709 1967 833 2061 ἄρχειν.

202 2101 236 2150 v.
255 2081 324 2147 8ο2
358 2081 454 2148 παιδὶ
487 2083 596 2170 ἐμῷ
587 2085 764 2148 mvenitm
781 2083 815 2148 in
844 2083 874 2148 V
906 2081 1019 2169 (ΘΗ)
1051 2083 1152 2148 Mosc.

136 2190 206 2254 Par.
233 2189 271 2271 O,
299 2186 452 2271 παιὸὶγ’
485 2189 550 2276 ἐμῷ
576 2190 657 2254 Ven.
685 2190 726 2274 Β,
757 2185 788 2272 γ’
821 2213 841 2253 a
868 2212 929 2255 sec.
957 2213 998 2254 m.
1027 2191 1151 2255 inserto

137 2295 229 2362 Cant.
245 2294 289 2381 2,)
313 2294 379 2382 ἐμῷ
402 2293 529 2360 παιδὶ
520 2318 554 2359 m
577 2296 612 2360 M
636 2292 731 2383 (Ven.
750 2296 781 2360 A
801 2293 890 2362 Oolb.
911 2299 927 2362 1
953 2297 1027 2360 Ald.
1043 2296 1153 2382 Rob..)

201 2401 355 2486 Improbe
379 2400 539 2467 Dindorfii
568 2404 803 2486 coniecturam,
830 2405 884 2488 qui
909 2404 975 2491 ἐμῷ
1004 2408 1040 2467 ut
1064 2406 1150 2488 glos·

135 2531 225 2575 sema
239 2509 357 2573 eiciens
373 2510 504 2593 scripsit
517 2511 616 2574 παιδί
626 2533 701 2594 μον.
734 2509 820 2575 Nam
835 2533 961 2594 semper
970 2511 1152 2595 Aeschylus

135 2639 311 2702 pronomen
341 2615 418 2700 ἐμὸς
451 2639 522 2682 oum
556 2637 647 2683 voce*
665 2618 949 2702 nctg'coniungit.
994 2617 1151 2702 Legimus

134 2735 211 2802 παῖς
239 2723 316 2808 ἐμὸς
343 2724 430 2789 Pera.
457 2748 486 2790 v.
508 2726 579 2790 180.
606 2727 679 2790 192.
704 2727 776 2790 214.
801 2725 875 2790 355.
894 2725 970 2790 476.
988 2725 1064 2790 479.
1084 2725 1151 2788 746

136 2834 179 2918 (v.
201 2833 263 2898 192
288 2837 320 2897 et
345 2833 409 2898 746
424 2843 509 2909 παῖς
533 2827 563 2896 δ’
590 2823 696 2918 ἐμὸς),
721 2832 797 2915 ἐμὸς
819 2843 897 2907 παῖς
920 2830 1007 2896 Pers.
1026 2853 1055 2896 v.
1074 2831 1149 2896 200.

135 2941 209 3006 236.
226 2941 298 3024 784,
324 2935 434 3045 ἦ’μὸς
452 2949 529 3018 παῖς
547 2939 655 3004 Prom.
675 2963 702 3004 a.
720 2941 792 3020 799,
810 2934 903 3004 παῖδ’
921 2937 1002 3023 ἐμὸν
1020 2938 1059 3002 fr.
1076 2938 1151 3021 182,

134 3051 194 3115 τὸν
217 3049 321 3112 παῖδα
347 3049 407 3112 τὸν
433 3046 514 3131 ἐμὸν
536 3047 575 3112 fr.
594 3047 671 3132 350,
689 3048 718 3112 9
763 3046 848 3111 Item
880 3047 938 3124 σὸς
969 3067 1149 3130 pronomen

135 3156 269 3220 adhibet
291 3154 379 3221 Pers.
399 3178 427 3218 v
451 3151 878 3242 mansionariam.

202 3263 377 3348 Propterea
412 3261 476 3326 hoc
512 3261 550 3326 de
588 3283 652 3347 qno
690 3263 798 3348 agitur
834 3263 905 3326 loco
944 3259 1150 3326 scribendum

201 3493 227 3563 *)
247 3491 279 3544 ln
297 3491 322 3544 H
342 3491 444 3544 desunt
461 3508 487 3546 v.
502 3495 651 3545 eoo-884.
