2628 3892
129 189 178 238 XL
532 186 742 240 PRAEFATIO.

198 345 345 433 Denique
368 347 568 432 glossemata
591 350 625 412 et
647 347 771 413 scholia
793 347 976 431 Byzantina
998 349 1143 434 ipsorum

131 453 279 518 bonitate
303 453 578 519 commendantur.

197 559 298 625 Velut
325 556 564 627 seh.A1074
595 561 762 644 δόσβατόν
792 578 874 646 φησι
903 563 965 646 τὴν
992 563 1145 648 Περσίδα

130 667 191 753 οὐχ
220 667 264 744 ὡς
292 669 439 752 σκληρὰν
466 666 521 732 καὶ
550 668 715 734 δύσκολον
744 670 791 744 είς
818 671 973 752 ἔμβασιν,
1002 664 1074 734 ἀλλ’
1099 669 1145 746 ὡς

130 773 184 840 ἐπὶ
216 783 305 863 κακῷ
338 773 393 839 καὶ
426 776 587 862 δυστυχίᾳ
620 773 824 859 βαινομένην
856 783 901 863 τῷ
932 773 1048 862 Ξέρξῃ.
1095 774 1144 842 of.

132 880 361 947 Wilamowitn.
381 881 522 946 Hermae
542 883 604 946 vol.
622 881 725 964 XXV,
747 905 778 966 p.
799 882 871 948 169.
916 882 1007 948 Idem
1032 883 1145 948 laudat

129 986 205 1056 soll.
218 985 249 1054 Α
263 985 349 1070 412,
374 1009 437 1071 quo
455 989 658 1073 Λυκομήδης
675 990 862 1073 Αἰσχραίου
884 991 1009 1073 primus
1027 1011 1144 1055 navem

130 1093 254 1179 cepisse
273 1095 401 1180 dieitur,
421 1095 454 1158 id
473 1095 558 1179 quod
578 1097 677 1160 etiam
695 1094 779 1162 Plut.
794 1095 904 1160 Them.
920 1117 945 1161 o.
962 1096 1004 1161 15
1022 1101 1144 1161 narrat.

128 1199 243 1284 Neque
272 1199 404 1266 dubium
427 1201 567 1288 videtur,
595 1203 673 1286 quin
696 1200 771 1270 soh.
790 1199 821 1266 Α
842 1200 861 1265 ’ί
867 1200 912 1266 16
936 1203 980 1279 ὡς
1003 1202 1040 1268 ἐν
1063 1218 1143 1268 συν-

129 1309 218 1395 τόμῳ
252 1311 340 1394 λόγῳ
371 1312 561 1393 περιλαβεῖν
588 1307 644 1374 καὶ
673 1311 777 1376 εἰπεῖν
805 1310 999 1393 συλλήβδην
1026 1309 1143 1374 πάντα.

128 1415 174 1492 ὡς
195 1416 284 1502 παρὰ
306 1423 352 1503 τῷ
374 1415 541 1502 Εὐριπίδῃ
565 1415 685 1502 (Orest.
704 1440 733 1481 v.
755 1413 803 1504 l)·
831 1415 905 1481 ‘oon
928 1417 1018 1481 ε”στιν
1041 1412 1144 1481 οὐδὲν

129 1524 244 1589 δεινὸν
275 1517 333 1588 ὧδ’
365 1525 469 1589 εἰπεῖν
496 1523 589 1600 ἔπορ’
617 1522 774 1608 integrius
808 1523 853 1588 sit
886 1545 983 1608 quam
1015 1523 1081 1588 seh.
1109 1522 1144 1586 M

130 1632 312 1714 σημείωσαι
335 1632 372 1694 τὸ
397 1629 441 1705 ὡς
465 1633 542 1705 ἔπος
566 1631 670 1695 alneto
695 1627 749 1715 (ef.
768 1630 899 1695 Wilam.
921 1631 942 1694 l.
961 1631 982 1694 1.
1005 1654 1037 1715 p.
1054 1626 1144 1716 169).

128 1735 213 1801 Item
237 1737 336 1801 verba
359 1733 484 1802 schint
503 1734 573 1802 554
596 1747 668 1813 ταῖς
691 1735 755 1802 ἀπὸ
778 1745 835 1819 τῆς
858 1737 992 1821 Betooun
1016 1737 1143 1819 οὔσαις,
1215 1809 1218 1815 ,

130 1843 203 1926 ἥτις
225 1839 294 1907 ἐστὶ
317 1845 413 1920 πόλις
435 1844 618 1927 Περσίδος,
648 1843 681 1922 ἐξ
708 1838 748 1927 ἧς
774 1841 830 1907 καὶ
853 1845 890 1908 ui
911 1853 987 1928 νῆες
1010 1845 1145 1931 βαρίδες

129 1949 342 2035 praeferenda
374 1954 451 2016 sunt
483 1950 606 2016 soholio
635 1950 670 2016 M
701 1951 836 2036 βαρίδες
863 1951 901 2016 oi
924 1959 1009 2035 νῆες.
1061 1950 1144 2016 Tum

130 2059 164 2123 in
189 2058 362 2143 archetypo
386 2057 486 2124 fuisse
513 2057 640 2124 videtur
668 2057 719 2138 31.
738 2056 769 2124 V
789 2055 856 2124 151
882 2057 919 2124 ολ
938 2056 1068 2144 Πέρσαι
1090 2079 1144 2122 το-

130 2164 232 2248 ξόται,
252 2163 454 2250 ολἝλληνες
472 2169 689 2252 λογχηῳόροι,
709 2187 771 2250 quo
785 2163 986 2250 Byzantinus
1005 2164 1053 2230 ita
1066 2187 1143 2230 usus

130 2275 194 2354 est,
225 2276 262 2335 ut
289 2273 444 2336 scriberet
474 2272 510 2336 οί
534 2270 595 2356 μὲν
622 2273 687 2357 γὰρ
711 2269 840 2355 Πέρσαι
870 2268 1016 2354 τοξόται,
1050 2271 1085 2336 ot
1106 2267 1144 2335 δὲ

127 2371 301 2460 Ἀθηναῖοι
334 2380 549 2461 λογχοφόροι.
594 2377 679 2442 Item
711 2376 761 2456 31.
785 2375 856 2442 vll
880 2375 927 2441 20
958 2387 1143 2460 ποιοῦντες,

132 2485 404 2569 ἀνδροπλήθειαν
435 2483 618 2568 πολεμικὴν
649 2481 849 2568 παρέχοντες
880 2486 927 2561 είς
959 2483 1144 2569 ίκφόβησιν

130 2590 332 2674 ἀντιπάλων,
354 2589 404 2669 31.
420 2589 449 2654 V
466 2587 509 2654 15
534 2594 639 2655 λείπει
663 2591 746 2656 ὥστε
770 2591 874 2656 εἰπεῖν
898 2589 973 2676 περὶ
996 2591 1145 2675 ἐκείνων,

130 2699 180 2780 31.
195 2697 265 2764 VH
280 2696 302 2761 6
324 2698 447 2780 τρόπος
466 2695 708 2780 ἐτυμολογικός.
745 2696 892 2784 Denique
910 2703 947 2762 ut
967 2699 1031 2764 alia
1048 2699 1144 2764 omit-

129 2815 196 2872 tam
221 2801 409 2887 311491
444 2802 507 2867 ἀπὸ
541 2801 577 2868 δὲ
609 2812 666 2887 τῆς
693 2811 753 2888 γῆς
779 2809 847 2869 κτλ.
874 2809 983 2890 potest
1011 2826 1143 2888 aparu-

128 2914 241 3000 phrasi
264 2935 362 2998 quam
385 2911 563 2976 Roemerus
587 2911 704 2977 statuit
725 2910 906 2995 proiectum
930 2933 1010 2977 esse.

196 3019 313 3084 Restat
340 3024 377 3083 ut
403 3039 587 3084 enumerem
612 3040 693 3103 quae
720 3019 876 3102 possint
903 3040 942 3083 ex
971 3017 1144 3102 archetypo

128 3129 163 3194 in
187 3127 217 3193 A
241 3130 274 3192 et
296 3125 386 3192 codd.
408 3147 489 3192 reec.
510 3124 649 3191 fluxisse.

196 3231 281 3300 Nam
309 3233 392 3300 miro
422 3233 561 3319 quodam
589 3231 686 3299 modo
714 3231 865 3296 universa
892 3229 1089 3297 scholiorum
1113 3233 1140 3296 A

130 3346 164 3408 et
186 3341 421 3428 glossematum
444 3342 529 3406 ratio
552 3363 625 3406 oum
649 3337 781 3404 scholiis
803 3335 957 3402 Mediceis
981 3339 1142 3424 congruit

132 3449 194 3516 Sed
219 3471 291 3516 oum
315 3471 354 3514 ex
375 3449 427 3513 his
452 3448 608 3532 exemplis
626 3445 730 3511 multa
749 3443 825 3524 siut,
848 3463 930 3526 quae
948 3446 1059 3510 omnia
1077 3445 1144 3510 fere

133 3558 257 3626 scholia
281 3557 471 3643 praebeant,
498 3555 666 3640 multaque
690 3574 709 3616 a
731 3547 874 3614 librariis
897 3554 1012 3633 postea
1035 3550 1146 3617 addita
