2632 3878
141 167 185 232 '58
441 185 458 208 ·
573 167 729 223 scHOLIA

211 328 273 395 159
311 327 471 412 Ἄτοσσα,
508 328 662 414 θυγοίτηρ
699 329 832 414 Κύρου,
873 329 959 414 γυνή
997 332 1158 416 Δαρείου,

142 441 248 522 μήτηρ
272 433 398 519 Ξέρξου
421 436 503 502 κατὰ
522 431 709 520 Ἡρόδοτον
732 435 762 502 V
784 432 838 524 (de
862 435 928 502 sch.
943 437 1028 522 vulg.
1048 435 1160 503 eth.

142 544 204 609 vid.
222 547 336 609 notam
355 543 395 608 ad
416 543 482 610 seh.
496 566 524 608 v.
546 543 634 629 153).

213 709 229 757 2
248 699 322 756 κατὰ
340 700 390 756 τὸν
403 697 447 756 Ἦ.
466 699 492 754 V

210 918 274 982 160
285 939 331 1000 sq.
378 923 464 981 θεοῦ
492 913 553 1000 μὲν
577 915 751 1003 εὐνήτειρα
774 921 931 1003 Περσῶνι
960 919 1039 994 τοὺς
1061 919 1156 1000 βασι-

142 1029 211 1100 λεῖς
239 1023 351 1088 αὑτῶν
374 1021 516 1088 ἐκάλουν
538 1024 643 1099 θεοὺς
666 1023 702 1087 οί
718 1020 847 1109 Πέρσαι
869 1022 890 1107 ή
915 1028 971 1088 ίσα
988 1020 1044 1088 καὶ
1061 1029 1157 1100 θεοῖς
1233 1013 1237 1026 “

143 1129 271 1214 ἐτίμων.
318 1126 423 1214 φησὶν
452 1124 514 1194 οὖν
538 1128 556 1195 ὁ
579 1131 679 1214 χορὸς
700 1130 784 1216 πρὸς
805 1130 867 1214 τήν
882 1127 1062 1195 Ἄτοσσαν·
1093 1139 1155 1195 τοῦ

141 1242 227 1302 θεοῦ
250 1231 311 1320 μὲν
330 1247 397 1301 τῶν
416 1240 559 1321 Περσῶν
578 1235 696 1320 ἐγένου
719 1237 904 1320 σύγκοιτος,
927 1235 1077 1302 τουτέστι
1094 1245 1157 1301 τοῦ

115 1346 310 1429 σΛαρείου,
338 1345 445 1428 μήτηρ
474 1339 511 1408 δὲ
534 1343 634 1409 πάλιν
657 1341 775 1426 έγένου
797 1351 858 1408 τοῦ
880 1349 977 1426 θεοῦ,
998 1343 1073 1426 ήτοι
1095 1351 1157 1408 τοῦ

141 1449 283 1534 Ξέρξου,
311 1451 343 1515 εί
363 1448 444 1527 τέως
472 1449 515 1533 μή
540 1449 558 1514 ὁ
581 1451 721 1526 παλαιὸς
744 1451 873 1534 δαίμων
895 1450 968 1532 ήτοι
991 1448 1012 1531 ἡ
1036 1448 1156 1534 ἀρχαία

141 1556 197 1622 καί
219 1557 239 1640 ή
264 1555 344 1640 πρὶν
363 1556 498 1641 εὐτυχία
521 1553 702 1640 μεθέστηκε
721 1564 848 1642 στρατῷ
873 1553 947 1620 ἀντὶ
965 1565 1027 1621 τοῦ
1045 1554 1156 1646 παρηέ-

141 1687 241 1748 χηκεν
269 1663 333 1729 ἀπὸ
361 1671 421 1728 τοῦ
450 1671 602 1748 στρατοῦ.
653 1661 861 1750 P(Dd.)VH.
906 1662 978 1729 Hoc
1011 1668 1043 1728 et
1073 1687 1156 1750 quae

142 1773 295 1836 secuntur
323 1771 432 1835 decem
461 1769 587 1835 scholia
610 1769 729 1836 absunt
752 1771 792 1835 ab
818 1768 859 1854 Ο,
888 1771 921 1834 in
949 1793 1012 1856 quo
1036 1771 1157 1837 excidiss

141 1899 242 1942 unum
264 1876 389 1943 folium.

214 2041 227 2089 1
248 2034 353 2089 lemma
370 2034 453 2090 hausi
472 2051 505 2088 ex
523 2035 558 2102 H,
577 2033 627 2088 ubi
644 2035 741 2090 tamen
758 2035 846 2096 θεοὺς
869 2065 904 2074 -
927 2035 992 2097 τοὺς
1010 2035 1071 2107 βασ,
1092 2035 1154 2091 αὑτ.

142 2104 171 2161 οἱ
186 2102 295 2178 Πέρσαι
318 2108 365 2161 ίσα
387 2104 437 2162 καὶ
455 2105 514 2178 (καὶ
533 2121 587 2162 om.
603 2107 638 2176 V)
661 2109 743 2169 θεοῖς
765 2105 874 2175 ἐτίμων.
911 2109 1028 2160 καλοῦσι
1051 2103 1082 2161 δὲ
1106 2105 1157 2160 καὶ

140 2178 239 2239 θεούς·
272 2177 359 2248 φησὶν
388 2174 439 2232 οὖν
467 2181 523 2232 κτλ.
543 2176 600 2230 VH
637 2208 671 2218 —
708 2180 820 2232 4θεοῦ
844 2193 914 2231 corr.
934 2193 949 2230 e
972 2185 1057 2248 χοροῦ
1076 2176 1102 2230 V
1120 2209 1155 2219 -

141 2246 283 2304 τουτέστιν
303 2251 329 2303 Η
357 2281 390 2289 -
420 2252 528 2303 δθεοῡ
548 2249 607 2302 sine
627 2249 680 2302 art.
699 2247 752 2301 PH
777 2280 807 2288 —
834 2246 922 2318 ήγουν
941 2249 967 2303 V
990 2279 1024 2289 -
1053 2246 1156 2312 στέως

141 2338 189 2389 μοι
207 2321 232 2372 V
256 2349 288 2360 -
319 2318 403 2374 ἵκαὶ
420 2317 488 2387 πρὶν
508 2319 563 2374 εὐτ.
583 2318 617 2384 Η,
640 2318 690 2373 καὶ
708 2318 817 2373 παλαιὰ
835 2319 891 2374 εστ.
906 2318 928 2372 Ρ
946 2349 979 2358 -
999 2319 1155 2389 στρατοῦΗ

142 2421 174 2430 -
190 2398 205 2445 8
225 2389 281 2444 ἀπὸ
301 2398 350 2444 τοῦ
370 2398 488 2459 στρατοῦ
508 2406 561 2446 om.
572 2390 606 2458 V,
626 2389 689 2445 ἀντὶ
707 2397 757 2445 τοῦ
777 2399 894 2460 στρατοῦ
914 2389 941 2443 Η

209 2786 272 2850 162
285 2806 353 2870 sqq.
400 2793 503 2850 ταῦτα
536 2783 578 2868 δή
611 2777 742 2850 λιττοῦσ’
777 2784 895 2849 ἱκάνοι
932 2783 1101 2850 ἀκούσασα
1133 2785 1154 2868 ή

131 2890 275 2956 ’Ἆτοσσα
298 2898 359 2955 τοῦ
381 2899 485 2974 χοροῦ
509 2892 670 2972 εἰπόντος,
696 2891 746 2956 ὅτι
769 2892 800 2956 εί
817 2892 861 2975 μή
881 2890 901 2974 ή
920 2888 1001 2974 πρὶν
1019 2890 1154 2975 εὐτυχία

141 2997 334 3082 μεθέστηκε,
361 2999 459 3081 φησί·
488 2998 544 3062 διὰ
566 3006 670 3062 ταῦτα
688 2993 743 3062 καὶ
767 2996 830 3080 ἐγὼ
854 3000 1079 3082 παραγίνομαι
1103 2997 1155 3063 έν-

140 3109 250 3169 ταῦθα
277 3104 361 3190 πρὸς
387 3103 472 3189 ὑμᾶς
498 3105 724 3181 καταλείψασα
751 3106 830 3180 τοὺς
860 3112 972 3190 χρυσῷ
996 3120 1154 3189 κεκοσμη-

114 3233 127 3274 σ
141 3208 264 3295 μένους
296 3216 409 3287 οίκους
441 3208 495 3275 καὶ
527 3211 587 3274 τὸν
619 3211 793 3292 βασιλικὸν
821 3219 972 3275 κοιτῶνα.
1014 3208 1070 3275 καὶ
1098 3208 1154 3294 ἐμὲ

213 3400 346 3456 Scholion
363 3401 449 3470 vulgo
469 3404 497 3456 et
515 3401 687 3471 ap.Dd,1io
707 3400 744 3454 ad
763 3400 820 3454 sch.
835 3419 860 3456 v.
879 3407 928 3456 155
943 3401 1082 3455 adnexum
1097 3405 1154 3458 estz

140 3481 229 3528 ταῦτα
256 3471 288 3527 δὲ
314 3470 361 3541 (δή
388 3471 486 3542 vulgo)
514 3471 660 3527 ἀκούσασα
687 3470 705 3539 ή
728 3468 840 3525 ’Ἄτοσσα
878 3503 912 3512 -
949 3479 965 3525 2
994 3470 1036 3526 ὅτι
1065 3471 1093 3528 εί
1116 3473 1154 3544 μή

140 3544 252 3615 Ρ(])θ.),
272 3544 303 3598 εί
315 3562 342 3596 τι
361 3541 397 3612 μή
417 3542 542 3612 vulgoH,
562 3544 593 3598 εί
605 3562 632 3596 τι
650 3561 696 3612 μοι
716 3541 742 3595 V
761 3573 793 3583 -
814 3549 829 3596 3
849 3561 881 3612 με
901 3541 1060 3612 καθέστηκε
1079 3545 1105 3598 H
1119 3577 1154 3586 -
