2632 3878
436 168 648 220 ADNOTATIO
669 168 821 222 ORITIOA.
1079 171 1142 222 LXI

197 325 399 381 Similitervox
409 325 578 416 explicanda
592 329 657 382 ante
672 325 888 394 explicationem
898 327 1141 396 praetermittitur.

198 399 255 452 sch.
275 403 310 452 26
347 397 437 452 dccccl
455 395 487 452 δε
506 397 556 452 καὶ
575 395 729 464 έπιτηδειοι
747 397 796 452 καὶ
815 397 903 464 δεξιοὶ
920 399 981 466 ud,

345 463 499 535 ἐπιτήδειοι
518 467 560 523 δέ
569 469 618 523 καὶ
638 468 727 534 δεξιοὶ
745 469 831 537 vulgo
850 469 883 522 V.

197 540 255 594 sch.
275 545 310 593 44
348 541 443 594 δίοποι
455 540 505 594 καὶ
518 539 664 602 διέποντες
678 539 727 593 καί
740 538 954 610 οἰκονομοῦντες
968 541 1072 603 αῦτους
1080 539 1143 606 Dd

346 609 491 672 διέποντες
510 611 560 665 καί
578 609 792 679 οἰκονομοῦντες
810 611 913 674 αῦτους
932 611 965 680 V,
998 609 1144 675 διέποντες

129 682 233 745 αὐτοὺς
250 681 285 750 Η,
350 680 564 772 οἰκονομοῦντες
582 683 685 744 αὐτοὺς
703 681 796 750 vulgo.

200 753 257 807 sch
280 759 331 807 128
351 752 431 815 λακὶς
449 752 499 806 καὶ
510 751 596 842 ρῆξις
614 754 649 818 V,
685 753 764 816 λακὶς
782 752 831 806 καί
849 771 903 808 om
919 754 994 822 vulg.
1009 752 1102 810 Dd.H.

199 823 256 880 sch.
278 831 329 878 150
348 824 379 878 τὸ
398 833 485 878 νικῶν
503 822 567 890 ἤτοι
585 824 616 878 τὸ
635 831 755 892 νικῆσαν
775 824 824 878 καὶ
841 824 964 902 ἡττῆσαν
983 825 1017 894 Η,

344 895 376 949 τὸ
395 903 483 950 νικῶν
500 895 563 961 ἤτοι
581 895 612 949 τὸ
631 903 752 962 νικῆσαν
771 893 805 961 V,

345 966 376 1020 τὸ
396 974 531 1047 νικῆσαν
535 987 585 1021 και
602 965 726 1035 ἡττῆσαν
744 966 831 1034 vulgo
849 965 903 1019 Dd.

66 1089 69 1096 ⁴
150 1053 153 1056 ·
200 1037 257 1090 sch.
277 1043 330 1091 210
356 1039 386 1090 in
411 1037 505 1090 verbis
533 1036 675 1106 κίρκον’
663 1036 726 1104 ritca
757 1035 858 1105 ἱέρακα
886 1035 1068 1106 σφαδάζοντα
1095 1037 1145 1091 καὶ

60 1171 65 1180 ι
132 1106 218 1174 ὀξέως
235 1107 404 1198 κινουμένου
424 1107 454 1162 ἐν
472 1115 531 1171 τοῖς
548 1115 661 1176 πτεροῖς
679 1107 727 1162 καὶ
736 1107 880 1178 palaest
861 1128 925 1174 ητοι
944 1107 974 1164 ἐν
993 1115 1051 1170 τοῖς
1065 1109 1145 1174 ὄνυξι

128 1181 161 1234 τὸ
180 1198 256 1248 καρα
278 1178 374 1234 nal
346 1199 398 1269 arpa
417 1179 556 1248 κεφαλὴνι
580 1181 678 1251 κίρκον
701 1178 764 1246 ἤτοι
787 1195 841 1234 οιιι,
855 1179 920 1248 VH,
962 1179 1100 1249 χηλαῖς”
1081 1200 1145 1246 ητοι

129 1267 182 1306 om.
198 1249 262 1316 VH,
292 1249 324 1304 τὸ
343 1249 418 1318 κάρα
437 1249 487 1304 καὶ
505 1267 560 1306 οιιι.
575 1250 608 1306 V.

199 1320 368 1374 Plenissime
392 1324 457 1375 sunt
484 1321 555 1375 haec
583 1321 690 1376 scholia
717 1295 976 1391 interpolationum.
1014 1321 1122 1386 οιιιιο“
1114 1339 1145 1374 ιιι

130 1391 211 1447 codd.
232 1391 312 1456 OPQ
331 1393 473 1461 leguntur,
493 1409 510 1446 a
529 1393 685 1474 Byzantina
704 1393 890 1462 grammatico
906 1393 1018 1446 saeculo
1033 1393 1084 1446 XII
1099 1409 1144 1446 ex-

130 1466 214 1517 eunte
238 1465 288 1517 aut
310 1463 378 1518 Xlll
400 1464 515 1517 ineunte
540 1462 660 1533 scriptas
684 1479 733 1518 eas
757 1480 818 1518 esse
842 1463 1025 1518 Seelmannus
1049 1463 1146 1517 docuit

130 1534 175 1603 (cf.
195 1533 262 1588 diss.
281 1535 300 1590 l
320 1554 346 1600 p.
367 1538 422 1600 20).
454 1535 538 1588 Mitto
558 1537 619 1588 cod.
635 1533 668 1600 0,
683 1535 757 1588 unde
773 1534 931 1588 Dindorlius
946 1534 983 1588 ad
996 1533 1146 1588 Persarum

130 1604 238 1660 scholia
260 1603 369 1659 nullam
396 1606 548 1660 lectionem
577 1607 726 1660 adnotavit
748 1609 860 1676 praeter
883 1606 940 1660 sch.
960 1612 1003 1660 48
1040 1605 1145 1660 Tamen

129 1675 210 1730 codd
234 1676 257 1730 P
280 1678 310 1730 et
333 1676 356 1742 Q
380 1677 416 1730 ab
444 1677 543 1731 eodem
571 1678 644 1731 libro
671 1678 812 1759 profectos
841 1693 902 1731 esse
931 1677 1076 1732 credamus
1099 1677 1145 1742 (cf.

129 1747 246 1872 l{calmt
254 1750 356 1873 p.t13).
395 1748 449 1802 Sed
464 1747 524 1802 cod.
540 1747 675 1803 Omultls
695 1752 773 1803 caret
790 1747 1070 1818 interpolationibus
1067 1765 1146 1816 quae

172 1833 225 1872 eon
238 1829 284 1871 1110

202 1889 296 1956 Atque
316 1907 331 1943 e
350 1889 498 1943 Persarum
517 1889 631 1958 quidem
651 1890 823 1945 scholiis-
829 1890 874 1944 si
894 1890 1002 1944 minora
1021 1894 1145 1958 praeter-

131 1959 258 2012 imus—
277 1959 348 2014 haec
370 1960 432 2015 sola
454 1961 485 2014 in
507 1971 627 2029 utroque
646 1961 827 2015 inveniuntur
845 1961 1030 2029 interpolata·
1058 1961 1144 2016 schol.

131 2037 183 2086 719
204 2031 250 2094 (de
268 2030 354 2084 Darei
370 2031 487 2099 liberis),
508 2033 594 2087 schol.
614 2039 666 2086 556
686 2033 746 2097 (ubi
761 2049 795 2086 ex
814 2033 871 2086 sch
886 2041 975 2086 antec.
991 2031 1082 2085 altera
1101 2049 1145 2085 ex-

130 2099 372 2227 {litltttttll
374 2101 1146 2262 ῖίἷῗιῗέαῗίγἒῗξἓῗὲἰὲἵέξιῖῗίιίἰρῗίἰίιῗ030ιῖἷέ

132 2243 191 2298 sch.
211 2249 277 2298 500·
300 2243 404 2314 ἁγνους
427 2263 499 2333 φασι
520 2248 586 2308 τοῦς
608 2246 759 2336 ποταμοὺς
770 2245 807 2307 ὡς
825 2244 909 2306 ὄντας
926 2251 976 2312 τῆς
994 2243 1145 2299 ἀθανάτου
1178 2249 1183 2262 ’

131 2314 242 2384 φυσεως
260 2317 377 2385 μίμημα.
415 2315 489 2386 λέγει
508 2315 540 2372 δὲ
559 2316 608 2371 καί
622 2317 672 2372 τὸν
685 2315 815 2384 παρόντα
828 2314 979 2384 Στρυμόνα
993 2315 1082 2384 ἁγνὸν
1097 2316 1156 2390 διὰ,

131 2385 162 2440 τὸ
186 2387 318 2452 καθαρὸν
342 2387 391 2442 καὶ
415 2385 520 2451 deserite
542 2388 702 2479 potetatem
715 2387 747 2442 τὸ
766 2385 841 2458 υδοιρ
861 2387 957 2442 αὐτοῦ
993 2386 1048 2442 Pro
1066 2388 1111 2442 hrs
1131 2405 1146 2442 e

132 2456 212 2512 codd.
227 2457 285 2510 VH
304 2463 333 2512 et
351 2459 458 2527 antiqu.
475 2460 543 2512 edd.
554 2460 667 2528 scripsi.
687 2459 776 2528 αγνοῦ
794 2457 1003 2528 Στρυμόνοςῦ
989 2468 1077 2528 αγνοῦ
1097 2459 1147 2514 διὰ

131 2528 162 2582 τὸ
181 2529 314 2599 καθαρὸν
333 2529 382 2584 καί
401 2527 504 2593 describe
523 2529 674 2599 φυλαττειν
692 2531 723 2586 τὸ
742 2529 837 2610 ordorp
838 2531 933 2586 αυτοῦ.

202 2551 279 2653 Haec
298 2600 387 2668 igitur
405 2601 550 2655 codicibus
569 2600 592 2656 0
611 2603 640 2656 et
658 2602 680 2654 P
699 2600 865 2656 communia.
903 2601 1009 2658 Contra
1028 2603 1049 2654 P
1069 2601 1145 2656 solus

132 2670 257 2724 abundat
288 2671 564 2795 interpolationibus.
617 2673 691 2738 Quas
729 2674 753 2726 si
777 2671 956 2755 perlegeris,
994 2688 1146 2740 cognosces

131 2741 311 2809 grammatici
329 2746 362 2797 ut
375 2743 551 2812 Byzantini
542 2751 670 2798 ravano
689 2743 802 2814 ingenio
822 2741 985 2797 excellentis
1000 2742 1147 2798 consilium

133 2811 281 2867 doctrinae
309 2814 503 2869 ostentandae.
542 2814 618 2869 Part'
598 2821 648 2869 tim
678 2831 741 2868 eam
769 2831 785 2868 e
808 2813 906 2868 lexicis
930 2813 1068 2869 exhausit.
1106 2812 1147 2870 Ol.

132 2883 190 2936 sch.
205 2889 257 2938 236
281 2885 327 2950 (de
346 2884 458 2938 Eretria
481 2887 618 3010 capta),
612 2886 671 2940 soh.
688 2893 739 2941 770
757 2885 803 2956 (de
822 2883 894 2954 Cyro
914 2890 943 2938 et
962 2886 1076 2953 Dareo),
1099 2885 1156 2938 fin:

133 2954 190 3009 sch
210 2960 262 3008 940
279 2957 345 3026 (quc
365 2957 511 3010 additura

133 3022 205 3094 κν,ό)
223 3026 270 3079 fin.
285 3028 343 3080 sch.
359 3032 422 3093 38(
413 3032 479 3094 (quo
486 3029 610 3118 Θῆβαι
607 3026 790 3083 Ίκοπλακιοι
808 3031 1081 3096 commemorantur),
1100 3029 1147 3085 fin

133 3097 191 3151 sch.
206 3103 257 3151 317
277 3097 303 3166 (ὁ
322 3096 474 3160 Marcellae
486 3093 610 3167 Αραψ
593 3119 629 3190 ην
647 3100 697 3154 καὶ
715 3099 764 3154 δια
782 3107 871 3154 τοῦτο
883 3097 973 3152 καὶ
945 3119 996 3167 την
1011 3097 1148 3170 μέλαιναν

133 3167 222 3223 ιττπον
246 3165 311 3237 εἶχε.
348 3177 471 3224 τοιοῦτοι
493 3169 546 3239 γὰρ
572 3168 602 3224 οἰ
619 3167 758 3243 Ἀραβικοί
781 3172 881 3240 suunt).
922 3170 1148 3240 Etymologicam

134 3238 304 3329 sapientiam
321 3239 440 3309 praebet
461 3245 519 3296 sch.
535 3247 587 3296 828
606 3242 641 3296 de
659 3259 730 3297 voce
749 3242 855 3312 φῦστις.
887 3243 927 3295 De
942 3241 1148 3311 significatione

131 3309 210 3364 vocis
229 3306 318 3380 (atuor
337 3313 381 3366 est
397 3313 454 3368 sch.
470 3317 530 3366 107.
558 3311 621 3367 Duo
641 3313 757 3380 scholia,
776 3313 879 3380 quibus
897 3329 987 3367 novae
1002 3313 1149 3381 explicati·

134 3395 201 3434 ones
221 3381 337 3449 dantur,
363 3384 459 3451 spuria
476 3384 671 3452 cognoscimus
695 3355 801 3437 additis
819 3383 946 3438 verbis
931 3403 950 3452 r)
969 3381 1001 3438 δέ
1020 3384 1150 3450 ουνταξις

132 3451 250 3521 τοιαυτῃ
277 3424 353 3534 (yide
379 3453 537 3508 Seelmann.
551 3472 578 3522 p.
595 3460 654 3522 18),
683 3471 720 3508 sc.
740 3454 796 3510 sch.
819 3461 880 3510 527.
904 3461 964 3510 537.
1005 3455 1077 3509 Aliis
1104 3471 1148 3508 re·

133 3523 270 3578 tractavit
287 3523 475 3594 interpolator
493 3525 602 3625 scholia
615 3525 747 3596 genuina,
762 3525 797 3580 cf.
813 3525 870 3582 sch.
888 3533 929 3593 13,
949 3526 999 3582 alt
1015 3526 1072 3580 sch.
1089 3532 1148 3581 710.

524 2956 568 3010 otu
588 2976 615 3010 οι
608 2954 836 3025 Μαριανδυνοὶ
860 2954 946 3018 ἔθνος
964 2959 1147 3027 Παφλαγονι-
