2628 3892
566 230 775 281 PRAEFATIO.
1139 231 1179 282 XI

158 392 300 475 venerat,
324 389 375 453 die
398 388 510 455 XXIV
530 413 570 456 m.
589 389 684 455 Febr.
704 413 731 456 a.
750 391 831 456 1881
858 388 1062 480 remissus*),
1086 392 1176 458 bom·

161 496 312 582 bycinus‚
345 496 476 561 saeculo
499 495 581 562 XIV
604 497 819 584 conscriptus,
852 498 1021 564 continens
1049 503 1178 583 praeter

158 605 287 668 minora
324 603 448 689 scripta
479 602 665 688 Byzantina
697 603 921 688 Lycophronis
954 605 1174 672 Alexandram

159 711 229 775 sive
253 707 471 775 Cassandram
495 732 568 775 cum
592 711 825 777 commentario
849 711 999 796 Τ444144,
1021 713 1176 798 Aeschyli

158 815 389 884 Prometheum
421 817 495 882 inde
524 841 543 883 a
570 841 600 888 v.
619 819 699 904 284,
731 816 864 903 Septem
895 840 960 884 uno
994 819 1123 904 quidem
1157 845 1175 885 e

159 924 266 990 medio
285 924 451 1009 deperdito
470 925 561 1006 folio,
583 924 699 991 Persas
718 929 847 1009 praeter
866 948 977 992 versus
997 926 1176 993 809-884

158 1035 192 1096 et
215 1031 312 1096 finem
336 1031 448 1096 1111144
471 1055 500 1098 1.
516 1033 602 1098 1046
624 1069 662 1080 -
683 1037 761 1118 post
780 1033 937 1118 quasdam
955 1037 1065 1099 autem
1083 1034 1175 1100 fabu-

155 1139 261 1202 larum
299 1149 411 1224 partes
449 1139 572 1204 scholia
604 1139 789 1224 Byzantina
826 1141 867 1204 ad
906 1163 961 1205 eas
994 1143 1175 1227 spectantia

156 1245 323 1330 leguntur,
355 1245 441 1310 inter
472 1267 584 1310 versus
617 1247 817 1332 glossemata
849 1251 983 1313 exarata
1016 1251 1093 1313 sunt
1124 1285 1174 1334 -,

158 1350 295 1416 Hesiodi
319 1373 417 1436 opera
441 1357 473 1417 et
459 1352 565 1417 tdies
585 1374 658 1417 cum
677 1353 873 1418 scholiis—
893 1355 1088 1420 antecedunt
1105 1365 1174 1421 τῶν

154 1467 306 1542 ποιητῶν
330 1458 366 1523 ol
389 1457 451 1542 μέν
479 1461 543 1524 εἰσι
571 1457 858 1545 1414441411..-
884 1466 1070 1526 etscutum
1094 1461 1174 1527 Her·

158 1566 249 1651 culis,
271 1564 439 1650 Euripidis
463 1567 631 1632 Hecubam
655 1589 756 1652 usque
781 1567 821 1632 ad
845 1569 1056 1633 4414444
1080 1569 1172 1635 scho—

158 1672 221 1757 liis,
245 1667 427 1738 Cleomedis
446 1673 607 1756 κυκλικὴν
626 1676 776 1756 θεωρίαν
795 1696 867 1738 oum
886 1675 999 1760 figuris
1015 1676 1173 1740 mutilam.

155 1778 236 1844 Fere
258 1782 366 1844 totum
387 1779 510 1844 librum
528 1781 640 1846 eadem
660 1781 790 1866 scripsit
809 1803 933 1846 manus.
971 1779 1084 1846 Scriba
1102 1784 1173 1867 ipse

158 1909 194 1951 44
208 1887 377 1952 1141414414
392 1887 519 1952 videtur
532 1888 567 1951 in
582 1887 747 1972 superiore
763 1909 865 1974 marg.
875 1888 1009 1954 ultimae
1023 1889 1173 1974 paginae,

153 1994 212 2058 ubi
242 1997 291 2058 est
323 1991 386 2076 ἐγὼ
414 1995 550 2070 νικόλας
578 1994 596 2059 ὁ
626 1995 804 2078 reddetur,
838 2001 870 2058 et
902 1995 936 2060 in
968 2017 1081 2062 averso
1110 1997 1172 2062 hoc

153 2101 246 2180 lolio,
273 2101 329 2165 ubi
352 2099 417 2184 ἐγὼ
440 2103 575 2177 recolas
598 2100 616 2166 ὁ
641 2102 810 2184 [οῦὸελῆσ.
857 2100 1063 2167 Glossemata
1087 2109 1173 2168 atra·
1243 2087 1244 2090 ¹

155 2212 266 2273 mento
290 2208 412 2292 scripta
434 2211 518 2274 sunt
565 2206 781 2273 Consentiunt
803 2209 869 2272 fere
893 2229 966 2272 oum
991 2213 1171 2276 ceterorum

152 2315 311 2380 librorum
344 2314 565 2400 glossematis,
598 2315 761 2400 permulta
794 2320 902 2380 autem
936 2315 1058 2380 omissa
1087 2324 1172 2403 sunt,

153 2421 294 2486 maxime
317 2442 439 2505 eorum,
467 2444 550 2507 quae
574 2423 615 2488 ad
639 2422 754 2488 Persas
778 2447 835 2509 per
838 2423 950 2489 tinent.
929 2423 1034 2490 tn
1059 2445 1106 2510 gr
1130 2426 1171 2490 ad

153 2527 381 2593 1544-686
405 2529 531 2594 nullum
553 2528 617 2594 nisi
642 2553 743 2594 unum
767 2531 1023 2598 4144411414111
1045 2531 1171 2616 Byzan·

152 2635 298 2700 tinorum
329 2634 528 2702 scholiorum
557 2637 644 2702 haud
675 2659 779 2721 pauca
808 2636 1197 2706 11444114(141144114114·

154 2763 241 2825 vero,
265 2763 362 2826 quem
385 2742 466 2806 item
490 2743 674 2808 scholiat
638 2747 674 2808 ut
697 2748 768 2808 text
771 2767 807 2808 us
831 2744 1035 2810 Persarum
1025 2769 1060 2811 111
1082 2745 1114 2811 V
1138 2752 1172 2812 et

154 2846 188 2911 H
210 2848 376 2932 praebent
399 2852 585 2914 4411141144
535 2854 594 2936 444,
616 2851 788 2914 11444114111
811 2853 903 2937 origo
927 2853 1100 2917 statuenda
1120 2854 1172 2920 sit.

152 2953 304 3018 Praestat
290 2955 471 3038 tquidem
507 2954 552 3040 V,
589 2957 678 3022 141114
664 2958 788 3023 14444
763 2961 852 3024 414114
888 2957 946 3022 1114
981 2959 1170 3044 κυκώμενοι

154 3057 198 3147 (1.
216 3057 307 3148 313).
354 3059 458 3126 Sed
448 3067 496 3126 mt
498 3084 532 3127 er
484 3061 653 3128 ttH
619 3067 653 3128 et
686 3086 889 3130 communem
921 3065 1014 3130 illum
1045 3067 1170 3132 fontem

153 3166 282 3232 videtur
304 3167 388 3232 liber
409 3169 621 3253 interpositus
646 3193 725 3254 esse,
748 3171 831 3236 unde
855 3172 956 3236 etiam
978 3173 1054 3237 libri
1074 3173 1169 3246 Guel-

152 3274 345 3356 ferbytanus
370 3275 412 3340 88
442 3280 475 3340 et
502 3275 682 3360 Lipsiensis
712 3279 798 3343 infra
827 3280 990 3344 tractandi
1020 3281 1169 3363 pendent.

220 3432 246 3500 ²⁸)
267 3431 308 3487 cf.
329 3432 392 3488 Osc.
412 3433 447 3488 de
467 3433 622 3502 Gebhardt,
645 3451 731 3490 neuer
749 3433 881 3504 anzeiger
898 3436 943 3490 fur
961 3435 1169 3507 bibliographie

151 3518 211 3572 und
226 3518 586 3578 bibliothekwissensohaft
602 3529 678 3592 1819,
696 3541 772 3578 num.
788 3528 852 3578 324:
874 3523 947 3579 ‘drei
962 3525 1072 3580 codices
1087 3525 1170 3580 Pala-

150 3609 205 3662 tini
224 3609 254 3662 in
273 3608 323 3664 der
340 3611 683 3668 rmiversitttsbibliothek
701 3630 735 3667 zu
753 3611 859 3682 Halle’.
