2632 3878
551 190 590 240 IN
609 189 641 241 V.
660 193 774 242 47-50.

47 413 58 432 ‚
167 348 218 434 (οἱ
239 347 321 435 cod.)
347 349 385 414 V.
428 351 464 415 οἱ
483 340 648 435 ὑπάρχον-

167 479 219 532 τες
233 456 275 522 Η.
294 493 330 504 -
348 455 593 540 ἐποχουμένους
606 457 647 521 V.

168 600 210 610 -
243 565 285 627 47
325 561 511 646 ἐξάγουσιν,
554 562 647 628 ἐλαύ-

167 687 266 735 νουσι
289 670 367 734 VH.
393 707 430 716 —-

166 884 210 948 48
238 881 404 966 τέθριππα
428 881 502 946 VB.
531 919 570 930 -
600 879 648 959 ἑξ·
703 884 746 949 48
771 879 845 948 ἀντὶ
867 891 928 948 τοῦ
951 883 1080 967 άρματα
1102 881 1182 969 (gh).

167 990 272 1054 άιπτα
295 988 358 1054 VB
385 987 515 1073 (ἕξιππα
539 987 590 1075 Β).
608 1023 644 1035 ·—
706 1027 744 1036 —-
770 987 844 1054 ἀντὶ
862 997 923 1054 τοῦ
941 987 1106 1072 τέθριππα
1127 987 1182 1054 καὶ

167 1097 310 1180 ἅρματα,
333 1095 481 1179 τάγματα
503 1095 543 1163 V.
573 1095 647 1178 τάγ-
703 1096 842 1176 ἑξάιππα
864 1097 1020 1181 τάγματα.
1049 1095 1085 1160 ἐκ
1107 1097 1183 1161 τού-

167 1227 261 1287 ματα.
308 1201 371 1268 άπὸ
400 1211 516 1267 κοινοῦ
539 1203 577 1268 τὸ
601 1201 648 1280 ἐξ·
702 1227 763 1268 του
800 1199 836 1268 δὲ
871 1204 909 1268 τὸ
949 1207 1080 1286 πλῆθος
1114 1213 1183 1268 τῶν

169 1320 296 1394 ορμῶσι
315 1309 356 1373 Η.
396 1307 481 1393 λέγω
500 1308 647 1394 τάγματα
703 1310 813 1376 ἵππων
833 1311 932 1392 δηλοῖ
949 1307 1049 1396 (idem
1064 1309 1101 1392 G,
1120 1311 1184 1374 nisi

169 1417 237 1482 GL.
267 1453 304 1463 -
336 1419 466 1502 ἔχοντες
492 1416 648 1500 δηλονότι
703 1418 789 1502 quod
812 1416 930 1495 ἕξιππα
949 1421 980 1482 et
1000 1418 1100 1500 δηλοῖ
1115 1427 1183 1481 τῶν

166 1521 207 1588 V.
231 1559 272 1569 —-
703 1525 813 1589 ἵππων
837 1523 933 1611 exh.).
959 1561 996 1570 —

168 3120 213 3185 49
252 3119 517 3203 καταπληκτικὴν
562 3116 649 3182 θέαν

121 3309 123 3314 ,
168 3225 544 3291 VH.—-&6tel‹5⁸th.
565 3225 649 3290 ὥστε

168 3333 211 3398 Η.
226 3331 311 3416 λέγω
326 3333 409 3397 ὥστε
419 3332 454 3396 L.
473 3331 556 3396 ὥστε
569 3337 649 3396 θεα-

169 3445 275 3524 θῆναι
289 3437 328 3504 G.
351 3476 387 3485 -
414 3438 458 3505 50
481 3441 648 3520 στεῦνται]
704 3439 748 3505 50
774 3437 888 3504 ‘um’
912 3435 1047 3523 Ἀλαλά,
1078 3439 1184 3504 Πολέ·

154 3547 269 3631 Ιδίκην
291 3548 418 3628 κίονος,
444 3567 540 3630 super
563 3545 649 3630 quod
704 3569 769 3630 μου
806 3545 968 3631 θύγατερ,
1007 3535 1028 3631 ᾇ
1065 3545 1184 3610 θύεται
