2628 3892
125 154 177 203 nu
227 190 231 196 .
442 225 447 235 ι
485 209 492 221 ,
523 149 735 203 paramo,

124 311 271 377 tenditur
294 313 335 397 gl.
359 311 391 375 H
416 316 448 375 51
471 310 538 377 5511.
557 311 596 375 A.
642 309 725 376 Tum
753 310 880 376 lexicon
909 311 977 376 olet
1009 311 1052 393 gl.
1076 310 1142 376 596
1202 337 1205 342 ·

127 419 167 484 ad
201 418 326 501 βάζειν]
360 415 470 502 λέγειν
499 422 534 482 et'
560 440 593 482 τι
624 415 727 482 θέλει.
778 415 909 482 Sterilia
940 417 1020 482 haee
1051 423 1143 482 sunt:

128 525 170 609 gl.
189 524 254 590 598
284 517 567 609 511,αἱμαχθεῑοα]
597 531 643 610 τῷ
672 524 785 608 αἵματι
813 525 987 609 δηλονότι,
1014 524 1058 609 gl.
1077 523 1143 589 586

129 633 209 714 πᾶν]
235 632 393 715 δηλονότι
410 632 449 697 τὸ
467 614 635 714 πὲρίγειον
654 631 736 697 ὅλον
755 629 807 718 (ut
824 629 1027 715 Byzantinus
1046 629 1144 716 serip-

128 739 172 803 sit
195 739 261 804 sch.
277 738 342 804 398
361 737 469 803 πάντα
488 738 528 802 τὰ
551 736 656 802 ἐκεῖσε
679 734 874 823 περίχωρα),
894 738 938 822 gl.
953 737 1019 802 240
1037 738 1144 820 ἤγουν

127 843 183 910 καὶ
207 845 243 909 οἱ
264 846 362 929 δόμοι
385 845 546 910 πλούσιοί
565 845 661 910 εἰσιν.

194 950 381 1024 Nonnullee
408 973 502 1016 15555
532 951 772 1036 superscriptae
805 949 993 1015 recentioris
1026 949 1144 1013 5515115

129 1064 215 1122 sunt:
237 1058 281 1142 gl.
299 1058 362 1122 122
383 1058 542 1132 λεώπολις
561 1057 600 1120 ad
620 1057 715 1139 ἄστυ,
734 1057 777 1139 gl.
796 1055 862 1121 215
880 1056 1146 1139 τροπαιουχήσας

131 1165 170 1227 ad
194 1161 336 1248 πράξας,
360 1164 400 1229 51.
419 1163 487 1228 5511.
507 1165 534 1226 A
556 1163 634 1245 860,
658 1164 700 1247 gl.
720 1162 784 1228 557
813 1163 1077 1247 τοιοντοτρόπως
1105 1161 1146 1225 ad

130 1269 233 1352 οὕτω,
262 1270 301 1335 cf.
326 1271 392 1336 seh.
418 1270 448 1334 A
472 1270 538 1334 860
564 1280 679 1354 πρῶτον
706 1291 764 1352 per
796 1269 1019 1353 corruerimus
1047 1267 1146 1352 expli-

130 1383 249 1460 catum,
272 1378 315 1461 gl.
335 1377 409 1442 307.
429 1377 494 1442 323
517 1375 696 1459 κοννᾶριον
720 1376 760 1439 ad
785 1377 881 1461 δόρυ,
905 1376 1147 1460 315350115-

131 1483 226 1566 ροίτοι
254 1484 294 1548 ad
322 1482 525 1567 ἀκοντισταί,
548 1483 592 1568 gl.
616 1483 682 1548 343
711 1481 781 1569 11115
810 1483 850 1546 ad
873 1485 988 1567 χωρίς,
1018 1481 1062 1566 gl.
1080 1481 1146 1546 579
1188 1545 1189 1550 ,

129 1591 403 1674 τζουκνιζόμενοι.
449 1589 563 1675 Neque
596 1591 703 1654 minus
736 1613 753 1654 e
785 1591 1007 1676 recentiorum¹
1037 1588 1147 1672 expla-

130 1697 230 1760 nandi
253 1697 487 1762 consuetudine
510 1702 561 1761 551
583 1697 664 1761 illud
684 1696 770 1781 λέγω
790 1697 831 1761 ad
851 1696 1072 1782 appositiones
1093 1695 1146 1759 ad·
1283 1717 1285 1722 ·

131 1806 282 1866 notatum
305 1802 341 1865 in
365 1802 407 1886 gl.
430 1824 459 1867 1.
484 1803 558 1867 273.
582 1801 656 1867 512.
680 1804 755 1868 547.
779 1803 854 1868 618.
877 1803 952 1868 621.
976 1803 1049 1866 631.
1074 1800 1148 1867 654.

134 1908 350 1974 10211056.
396 1905 725 1976 1115155515118741
760 1909 887 1986 ἐκείνας
910 1907 994 1993 λέγω
1018 1911 1056 1973 αἳ
1079 1913 1148 1974 κτλ.

199 2015 332 2094 Praeter
359 2017 440 2083 haee
468 2021 501 2082 et
528 2017 592 2104 5115
619 2018 653 2081 in
682 2018 859 2102 archetypo
888 2017 1060 2082 5111111555
1082 2037 1148 2080 non

132 2124 338 2208 legebantur,
372 2146 455 2208 quae
484 2125 525 2188 ab
558 2125 662 2188 altera
695 2147 794 2189 manu
826 2125 861 2188 in
888 2122 920 2188 V
942 2122 1031 2208 picta
1064 2127 1149 2186 sunt.

132 2227 243 2294 Primo
273 2235 407 2313 aspectu
433 2231 535 2314 vides,
569 2220 675 2314 quarn.
695 2230 800 2294 multa
828 2252 939 2295 eorum
971 2227 1149 2292 leviuscula

134 2337 201 2400 sint
224 2339 257 2399 et
279 2335 366 2402 11115.
412 2334 493 2401 Fere
520 2335 612 2400 nulla
640 2337 847 2401 consentiunt
870 2358 942 2401 cum
969 2338 1149 2400 ceterorum

135 2441 281 2506 codicum
314 2441 532 2526 glossematis,
564 2441 656 2506 nulla
690 2463 763 2506 cum
794 2440 939 2506 Medieeo
971 2442 1055 2524 solo,
1086 2441 1150 2504 nisi

133 2547 220 2612 forte
244 2569 261 2610 e
285 2549 328 2632 gl.
352 2568 417 2632 προ
442 2570 538 2632 super
561 2545 679 2632 πέμψω
703 2570 733 2612 1.
753 2548 849 2631 1077,
877 2548 962 2632 quod
987 2570 1062 2612 eum
1084 2547 1150 2612 sch.

134 2653 169 2718 M
197 2651 382 2738 προπέμψω
410 2653 577 2737 convenit,
607 2654 782 2738 quidquam
810 2654 895 2720 effici
921 2660 1029 2739 putes,
1051 2655 1150 2719 nimis

136 2761 266 2845 quidem
291 2761 453 2826 audacter.
500 2759 589 2836 Quae
613 2762 724 2825 autem
748 2767 933 2844 congruunt
961 2782 1034 2829 eum
1058 2761 1151 2826 scho-

71 2915 73 2920 -
135 2868 188 2932 liis
212 2867 458 2952 marginalibus,
481 2866 626 2951 profecto
647 2889 685 2932 ex
704 2868 750 2930 eis
771 2872 922 2950 excerpta
943 2872 1028 2932 sunt.
1064 2865 1151 2931 Nem

137 2975 244 3038 scribe
272 2980 343 3038 erat
370 2973 463 3058 quasi
490 2973 626 3058 cupidus
650 2973 821 3038 scribendi.
867 2971 984 3038 Voluit
1008 2976 1151 3050 lacunas,

137 3102 218 3165 quas
241 3081 330 3164 prior
353 3079 508 3144 librarius
531 3079 716 3165 reliquerat,
740 3080 779 3144 de
804 3101 862 3144 suo
886 3081 1028 3165 explere,
1051 3101 1152 3164 quan-

136 3193 207 3251 tum
234 3187 352 3271 potuit.
397 3185 474 3252 Non
504 3192 616 3252 tamen
645 3187 763 3270 potuit.
808 3185 965 3251 Perverse
989 3192 1022 3250 et
1045 3187 1154 3250 futilia
1245 3242 1249 3250 .

138 3293 285 3358 exaravit
308 3294 518 3379 glossemata.
555 3292 656 3358 Velut
675 3293 774 3358 verba
794 3316 823 3358 1.
841 3292 907 3358 499
919 3315 966 3378 sq.
985 3295 1153 3378 πήγνυσιν

140 3395 177 3464 (ll
199 3409 267 3465 πᾶν
290 3399 434 3486 ῥέεθρον
467 3401 680 3486 expediuntur
711 3396 786 3464 ἀντὶ
817 3391 879 3465 τοῦ
909 3398 1056 3485 ἐξήρανε.
1102 3400 1153 3464 Ac
1183 3438 1186 3448 ·

139 3529 169 3571 1.
186 3507 263 3603 667,
286 3507 342 3572 ubi
361 3508 395 3573 in
413 3506 446 3574 V
466 3514 514 3572 551
534 3507 684 3592 Δαρειὰν
707 3497 748 3590 οῖ,
772 3505 971 3591 adscriptum
995 3511 1045 3572 est
1068 3506 1154 3572 ὅπου
