2628 3892
534 171 744 226 rnnnrrmo,
1030 173 1153 225 ,τινα
1283 154 1285 248 s

136 333 271 397 deloco
299 331 501 396 interlineari
523 332 556 396 in
584 353 711 397 versum
740 332 891 417 delapsus
919 338 978 400 est.
1022 333 1108 400 Nam
1134 357 1153 400 e

131 439 273 504 lectione
296 437 331 503 M

277 582 337 646 τὸν
361 577 573 664 ἐξαμαρτόντ’
600 582 647 657 εἰς
669 581 772 657 θεοὺς
790 581 849 645 τὸν
871 579 1006 666 ἡμέροις

183 769 185 773 ,
278 690 428 774 nanterre
450 689 545 772 τιμὰς

135 854 174 950 et
200 847 395 915 lectionibus
426 848 641 913 recentiorum
670 843 838 933 rodinum,
871 849 927 933 qui
959 848 1055 915 modo
1090 808 1152 915 τὸν

133 954 323 1041 ἐφημέροις,
347 955 443 1020 modo
467 951 646 1039 ἐφημέροις
669 955 832 1038 exhibent,
855 956 959 1020 elucet
980 955 1151 1041 archetypi

132 1108 306 1201 scriptum:
333 1116 393 1180 τὸν
421 1110 633 1200 ἐξαμαρτόντ’
660 1116 707 1192 εἰς
733 1118 837 1192 θεοὺς
853 1058 1052 1202 τέὸόιημέροις.
1101 1114 1150 1182 Of.

134 1223 233 1288 etiam
256 1222 301 1308 gl.
326 1221 404 1287 Cho.
423 1223 467 1287 64
491 1223 531 1286 ad
555 1217 600 1286 δι’
626 1222 761 1306 αἵματα]
786 1222 842 1286 διὰ
864 1223 904 1288 τὰ
927 1223 1056 1309 αἵματα.

200 1347 356 1413 Similiter
391 1347 554 1432 particula
590 1341 628 1411 rt
663 1347 751 1412 haud
784 1363 858 1412 raro
890 1349 924 1412 in
956 1352 1080 1412 textum
1114 1347 1150 1412 M

132 1455 273 1540 irrepsit,
299 1454 390 1548 volnt
413 1452 501 1538 Sept.
524 1477 554 1519 v.
572 1453 638 1519 329
655 1451 775 1541 ’καπνῷ
805 1450 842 1518 δὲ
865 1476 924 1539 pro
946 1455 1065 1542 καπνῷ
1092 1460 1150 1536 est,

131 1560 209 1628 Ono.
233 1584 262 1628 v.
283 1561 347 1626 784
372 1564 438 1625 Ζεῦ
461 1563 504 1626 σὺ
532 1559 572 1625 δέ
591 1584 648 1626 νιν
670 1561 856 1645 φυλάσσοις
879 1584 937 1644 pro
961 1556 988 1626 ὦ
1013 1565 1079 1626 Ζεῦ
1108 1561 1150 1625 σύ

131 1692 188 1734 νιν
211 1668 410 1754 φυλάσσοις,
438 1667 533 1732 Eum.
556 1691 584 1734 v.
604 1669 722 1754 509sq.
745 1668 879 1751 τλάμων
904 1669 942 1732 δέ
967 1691 1017 1744 τις
1039 1668 1150 1752 μα’ταν

131 1785 316 1861 παρηγορεῖ
326 1797 385 1859 pro
399 1774 533 1859 τλάμων
549 1775 656 1858 μάταν
670 1784 856 1861 παρηγορεῖ
871 1771 925 1861 (ef.
941 1774 1006 1840 seh.
1022 1776 1084 1859 Ag.
1095 1774 1149 1840 69.

8 1893 9 1900 ’
133 1881 244 1965 Suppl.
263 1882 328 1946 620
350 1883 455 1947 λείπει
477 1883 515 1947 τὸ
537 1880 611 1967 τίς).
649 1880 732 1947 Item
756 1883 791 1945 in
813 1880 844 1945 V
868 1905 896 1946 v.
916 1881 981 1947 243
1005 1883 1084 1966 ἔγχη
1111 1876 1148 1946 δὲ

131 1988 282 2053 σταὸαία.
320 1987 411 2053 Tum
437 1990 532 2054 utin
560 2010 641 2054 rece.
665 1989 757 2053 libris
786 1983 933 2072 &super
960 1989 1147 2053 vocativum

130 2094 255 2160 invenit
255 2116 302 2176 ur,
320 2095 367 2159 ita
386 2095 451 2161 seh
465 2095 500 2194 M
518 2094 612 2160 Eum.
627 2117 657 2159 v.
672 2095 737 2159 670
756 2090 783 2159 ὦ
798 2094 934 2169 Παλλὰς
953 2094 994 2158 ad
1008 2095 1149 2190 Παλλὰς

131 2202 266 2267 adnotat
216 2205 321 2266 taum
353 2206 417 2287 est,
445 2179 511 2267 seli.
529 2201 564 2266 M
587 2199 666 2267 cho.
684 2195 778 2266 43
757 2226 783 2266 ω
807 2210 848 2284 νῆ
872 2204 978 2286 μήτηρ
1004 2201 1044 2264 ad
1068 2210 1148 2284 γαια

130 2319 221 2394 ματα,
246 2309 310 2374 sch
330 2307 365 2374 M
384 2307 497 2393 Suppl.
516 2308 558 2374 79
582 2302 702 2373 ἀλλ’
681 2332 707 2372 ο
731 2305 860 2391 γενέται
883 2304 960 2372 θεοὶ
985 2307 1025 2371 ed
1048 2304 1145 2382 ἄλλοί,

129 2413 205 2482 θεοὶ
226 2414 358 2500 γενέται
382 2413 449 2502 (cui
473 2415 657 2480 simillimus
678 2423 727 2480 est
745 2415 833 2481 Pers.
853 2439 881 2480 v.
901 2414 998 2480 631
989 2437 1024 2479 rn
1042 2413 1074 2479 V
1101 2417 1148 2479 eie

130 2522 285 2587 traditus:
315 2519 385 2587 ἀλλ’
414 2517 440 2586 ὦ
471 2524 606 2606 χθόνιοι
629 2523 787 2607 δαίμονες
809 2544 868 2606 pro
897 2521 980 2586 ἀλλὰ
1010 2524 1148 2605 χθόνιοι

131 2626 309 2717 δαίμονες).

196 2753 280 2820 Tum
309 2754 395 2839 quod
423 2755 455 2817 in
486 2774 566 2818 rece.
590 2753 680 2819 codd.
709 2752 901 2836 compluries
932 2751 1015 2815 ὥστε
1047 2773 1148 2836 supra

22 2869 23 2892 ¹
131 2861 327 2926 infinitivum
351 2861 507 2944 seriptum
532 2863 565 2924 et
586 2860 621 2923 in
644 2859 710 2924 sch.
730 2858 810 2943 Byz.
833 2879 907 2923 eum
930 2879 968 2921 eo
992 2859 1147 2924 coniunc-

22 3009 23 3016 ι
131 2973 199 3032 tum
223 2968 357 3054 legitur:
385 2968 420 3031 in
442 2965 477 3030 M
501 2965 653 3036 adsPers.
676 2988 704 3029 v.
723 2965 786 3032 251
812 2968 980 3030 exaratum
1005 2967 1056 3028 est
1079 2966 1147 3030 λεί-

23 3120 35 3225 ⁵

131 3096 183 3140 πει
198 3073 291 3156 ὥστε,
312 3072 350 3138 ad
367 3071 446 3138 cho.
460 3095 490 3137 v.
505 3073 547 3138 68
563 3075 666 3137 λείπει
679 3072 718 3136 τὸ
733 3071 827 3155 ὥστε,
842 3071 881 3134 ad
897 3070 991 3134 Eum.
1003 3070 1066 3136 159
1076 3092 1147 3156 sqq.

131 3183 233 3246 λείπει
256 3181 293 3244 τὸ
318 3180 371 3256 ὡς.
419 3179 528 3244 Verba
550 3179 644 3244 Eum.
669 3202 697 3244 v.
717 3179 781 3244 166
791 3200 860 3262 sqq.

352 3322 489 3406 πάρεστι
513 3330 572 3404 μᾶς
594 3321 746 3405 ὀμφαλὸν

352 3430 577 3526 προσδρακεῖν
600 3427 748 3511 αίμάτων

352 3537 521 3621 βλοσυρὸν
545 3535 709 3621 ἀρόμενον
733 3533 814 3616 ἄγος
836 3534 924 3618 ἔχειν
