2632 3878
147 155 190 221 70
531 214 534 218 ,
577 157 734 210 scflom

215 320 277 384 197
290 340 358 404 sqq.
395 318 416 402 ἣ
436 314 469 383 δ’
487 317 684 403 ἐσφάδαζενε
708 317 728 402 ἡ
749 315 796 400 δέ,
816 317 981 402 Εὐρώπη,.
998 315 1162 400 ἐσφάδαζε

144 423 200 491 καλ
229 426 323 510 ὥρμα
349 423 405 490 καὶ
433 425 538 509 ἐπήδα
564 423 620 490 καὶ
648 426 704 490 διδ
731 435 799 490 τῶν
825 435 946 510 χειρῶν
974 423 1011 490 ἐν
1038 432 1077 508 τῇ
1100 433 1163 489 τοῦ

146 533 272 617 δίφρου
304 536 361 619 βίᾳ
389 533 553 618 <χαλινδ>
580 531 697 617 ῥήσσει
723 529 780 598 καὶ
807 533 866 596 τὸν
894 533 1019 616 δίφρον
1042 529 1167 614 ξυναρ-

145 639 238 717 παίζει
268 640 350 704 ἄνευ
380 643 527 722 χαλινῶν
557 640 630 722 ἤτοι
660 637 865 722 ἀχαλίνωτον
894 641 1077 722 γενόμενον
1105 635 1162 702 καὶ

117 747 206 810 ὀπὸν
230 747 330 829 ζυγὸν
354 746 496 831 συνθλᾷ.
541 748 651 809 πίπτει
675 740 712 810 δέ
736 743 773 809 ἐκ
794 752 856 810 ποῦ
878 745 1021 828 ἅρματος
1041 744 1060 810 ὁ
1080 742 1164 828 Ξέρ-

145 851 202 934 ξης
231 848 343 936 (οὗτος
370 853 435 937 γὰρ
464 848 506 935 ἦν
535 851 552 917 ὁ
576 853 641 917 ὑπὸ
666 853 766 936 ζυγὸν
791 854 877 938 ἔχων
900 849 1030 938 αὐτάς),
1063 849 1118 917 καὶ
1143 850 1163 917 ὁ

144 959 253 1042 πατὴρ
276 963 421 1044 Δαρεῖος
448 961 644 1043 παρίσταται
672 960 845 1043 οἰκτείρων
868 959 980 1025 αὐτόν.
1030 956 1099 1022 ἐπεὶ
1124 955 1164 1022 δὲ

143 1074 265 1130 τοῦτον
298 1060 387 1130 εἶδεν
419 1065 437 1131 δ
469 1063 593 1151 Ξέρξης
620 1062 789 1142 αἰδεσθεὶς
816 1066 853 1130 τὸ
881 1076 997 1150 πτῶμα
1025 1065 1164 1150 διαρρη-

144 1172 240 1254 γνύει
263 1173 342 1249 τοὺς
365 1173 508 1248 οἰκείους
531 1170 685 1249 πέπλους.

217 1328 332 1382 Initium
356 1328 397 1382 sic
420 1328 616 1399 vulg00VH.
634 1327 727 1422 ἡδὲ
751 1329 819 1396 Εδρ,
845 1323 937 1395 ἐπήδα
960 1327 1009 1382 καλ
1033 1326 1082 1381 διὰ
1104 1335 1163 1382 τῶν

144 1397 278 1470 χειρῶνέ
280 1421 296 1456 ν
314 1407 348 1471 τῇ
367 1409 416 1454 τοῦ
436 1402 540 1470 δίφρον
560 1397 644 1475 βία’
627 1401 723 1471 ρήασει
741 1401 790 1455 τὸν
806 1401 910 1482 δίφρον
924 1399 973 1454 καλ
987 1397 1163 1467 ξυναρπάζει

144 1471 215 1527 ανευ
218 1471 392 1562 χαλινῶν’
394 1491 437 1526 τοι
461 1455 635 1527 δαλίνωίον
653 1469 815 1562 γινόμενον,
839 1469 894 1524 nisi
917 1470 993 1539 quod
1017 1465 1162 1539 ἐσφάδαζε

144 1541 232 1597 καλ”
212 1563 291 1613 ωρμα
310 1543 359 1597 καλ
374 1493 527 1612 ἐπήδαιΗ,
550 1541 700 1614 γινόμενον
719 1541 795 1609 V‚”
776 1562 839 1609 ητοι
857 1543 902 1612 ἀχ
921 1560 978 1667 γεν.
998 1559 1051 1595 om
1072 1539 1103 1595 Ο.
1125 1572 1160 1581 -

144 1613 290 1668 ContraP
314 1630 397 1682 quem
415 1614 467 1668 Dd.
492 1615 622 1686 sequitur
640 1615 711 1668 haee
735 1612 861 1668 exhibet.
890 1613 907 1681 ἡ
932 1611 963 1667 δὲ
984 1607 1087 1680 Εδρεέ
1089 1609 1163 1681 σφά-

144 1687 211 1750 δοιζε
235 1684 326 1738 καλ
307 1705 385 1755 ωρμα
405 1685 454 1739 καλ
473 1681 565 1752 ἐπήδα
584 1682 633 1739 καλ
652 1682 683 1740 ἐν
684 1692 735 1774 τῇ
755 1683 814 1752 (καλ
833 1679 864 1739 ἐν
883 1683 984 1774 ιαίιρ,
1004 1686 1162 1748 δεικτικῶς)

143 1764 200 1810 τῶν
223 1764 374 1826 χειρῶν-
395 1753 525 1822 ὑπέδειξε
548 1755 602 1826 γὰρ
626 1753 643 1824 ἢ
663 1755 713 1825 τὴν
733 1752 917 1846 ίιρισιερδινἪ
901 1775 919 1822 η
938 1753 989 1823 τὴν
1008 1753 1161 1820 δεξιάν-

144 1827 357 1897 διασπαράσσει.
394 1828 444 1881 καλ
463 1824 558 1896 δήσσει
576 1828 626 1882 τὸν
645 1829 749 1898 δίφρον
769 1823 800 1881 ἐν
820 1829 867 1902 βίᾳ
884 1826 934 1881 καλ
948 1827 1096 1898 βιαστικῶς
1110 1826 1162 1879 καλ

144 1898 316 1988 συναρπάζει
335 1899 422 1954 αὑτὸν
441 1899 490 1954 τὸν
509 1896 613 1968 δίφρον
633 1849 715 1954 δίνενρ
721 1902 842 1972 χαλινῶν
852 1882 944 1970 <ἥιοι
962 1895 1161 1988 ἀχαλίνωνον)

143 1989 351 2040 μενομενον-
371 1974 499 2025 ὃσυθλᾶ
517 1970 596 2023 Η-
617 1965 732 2033 δουιος
751 1969 800 2024 καλ
817 1963 854 2036 ’ἦν
872 1969 927 2024 ὑπὸ
946 1967 984 2033 Η,
1007 1963 1087 2030 ουτος
1105 1967 1161 2038 γὰρ

144 2041 234 2096 ὁὺπδ
254 2044 342 2113 ζυγῶν
365 2035 401 2111 ἦν
421 2040 492 2112 ἔχων
511 2041 695 2105 αὐτὰςλῖ-
714 2049 729 2096 7
749 2040 841 2110 πατὴρ
867 2041 927 2094 sine
946 2041 997 2094 ask.
1018 2039 1159 2108 vulgo-

144 2115 298 2182 παρίσιατο
319 2114 427 2169 ΟΗ-
446 2120 462 2168 8
481 2122 563 2168 τουτο
580 2112 725 2182 vulgoDd.

212 3090 278 3154 204
300 3093 481 3173 καλλιρόου
500 3091 629 3166 ἐψαυσα
647 3101 766 3174 πηγῆςι
785 3093 873 3174 πηγή
891 3114 941 3166 τις
956 3089 1039 3175 ίεριί,
1053 3085 1106 3172 ἀφ’
1120 3083 1162 3172 ἧς

146 3195 287 3280 ἀνιμᾶιο
306 3206 394 3279 νᾶμα
413 3207 485 3274 ταῖς
504 3200 642 3273 θυσίαις
660 3196 863 3282 ἐπιχέεσθαι·
892 3197 948 3262 διδι
965 3205 1050 3279 γοῦν
1068 3196 1106 3260 τὸ
1125 3195 1160 3274 ἐξ

145 3302 248 3386 αὐτῆς
261 3303 319 3378 τδις
332 3305 456 3380 θυσίας
469 3306 626 3386 γίνεσθαι
639 3307 841 3387 καλλίρροον
856 3303 961 3386 αὐτὴν
976 3301 1160 3386 ὠνόμασεν.

219 3455 363 3513 Ιέπαυσα
381 3464 431 3527 γῆς
445 3459 523 3511 Η-
543 3459 666 3530 λάνιμᾶ
684 3457 805 3514 va-
828 3479 904 3585 ναμα
923 3459 1001 3512 Η-
1022 3453 1051 3525 ἐξ
1070 3459 1159 3514 αὐτοῦ

144 3528 224 3582 Η-
244 3527 472 3597 3καλλίροννλλ
