2642 3872
554 134 594 184 IN
613 134 643 185 V.
663 135 813 186 586-597.
1122 134 1185 198 179

175 301 312 372 νοῦνιες
330 292 367 360 V.
389 331 428 340 -
450 295 656 377 ὅσσοισιν-

174 389 225 462 Ιότι
239 399 277 463 τὸ
290 402 462 482 ιιερίγειον
476 399 602 465 ὅλονδῑ.
611 437 654 448 -

174 500 248 569 ἀντὶ
276 487 341 571 ’τοῦ
376 507 524 590 ἥκουσαν
547 507 586 572 V.
612 545 654 555 -

173 612 236 677 587
253 613 349 678 ἄλλοι
364 609 402 678 δὲ
417 612 547 698 Πέρσαι
558 615 596 680 V.
616 652 651 660 -

172 720 249 800 γᾶν]
282 743 302 802 η
336 720 422 784 infra
455 743 520 786 ace.
543 721 583 786 V.
612 758 650 768 -

173 825 250 908 δὴν]
270 823 345 891 ἀντὶ
362 835 423 892 τοῦ
443 824 496 893 ἐπὶ
515 829 602 892 πολὺ
612 826 652 891 V.

172 969 214 978 —
229 932 294 999 588
314 934 397 997 κατὰ
414 937 495 1011 τοὺς
509 938 652 1014 Περσῶν
707 934 771 1002 588
802 933 867 1000 ὑπὸ
898 940 1041 1020 Περσῶν
1069 937 1189 1022 ἄρχον-

171 1042 296 1123 νόμους
333 1041 523 1122 διάγουσιν·
565 1040 652 1106 ἀκώ-
705 1064 769 1106 ται.
791 1079 828 1088 -
874 1041 878 1046 ’

171 1149 269 1210 λονιο
289 1146 362 1232 γάρ.
382 1145 484 1212 BGL.
503 1179 541 1196 -÷-
559 1137 653 1231 βασι-

171 1252 325 1316 λεύονται
339 1252 386 1317 ·V.
408 1291 447 1300 —
473 1254 538 1321 589
562 1259 651 1339 μερί-

171 1361 273 1440 ζουσι,
297 1357 373 1444 τέλη
398 1360 532 1428 διδόασι
551 1359 590 1425 V.
612 1400 648 1408 -

169 1465 236 1532 590
259 1465 431 1549 ἀνάγκαις]
454 1478 526 1544 ταῖς
544 1467 584 1532 V.
608 1504 650 1514 —

169 1571 234 1636 591
259 1573 306 1649 εἰς
328 1574 390 1657 τὴν
414 1573 454 1639 V.
480 1611 518 1622 -
549 1591 650 1660 προσ-

130 1679 134 1686 ’
167 1687 350 1757 κυνοῦνιες
371 1679 412 1746 V.
451 1683 525 1764 ἤτοι
548 1697 650 1766 κροσ-

168 1795 349 1863 κννοῦνιες
363 1783 593 1873 (κροσκυνοῦν
606 1785 649 1874 G)

77 1951 79 1954 .
167 1892 228 1958 τὸν
251 1893 363 1958 αὑτῶν
381 1892 507 1977 (αὐτῶν
527 1893 568 1979 Β)
590 1898 649 1978 βα-

168 1997 262 2064 σιλέα
290 1999 391 2085 BGL.
423 2037 460 2046 —
495 2001 561 2067 592
594 1999 649 2068 καὶ
704 2001 769 2066 592
784 2001 824 2066 τὰ
837 2008 975 2090 τοιαῦτα
991 2001 1098 2066 πάντα
1112 2024 1185 2085 κτη-

167 2106 407 2172 ὑποκλίνονιαι
435 2105 648 2192 (ὑκοκλίνον-
702 2107 777 2172 τικδ
799 2089 937 2191 μακρὸν
952 2109 1018 2196 ἔχει
1039 2107 1077 2172 τὸ
1097 2107 1127 2174 ἆ.
1143 2145 1184 2154 -

167 2236 221 2278 ται
234 2214 267 2277 in
281 2210 531 2298 rae.)V.-593
541 2215 648 2297 ἤγουν
703 2214 799 2299 (591)
841 2214 879 2280 αἱ
911 2213 975 2298 γὰρ
1018 2216 1184 2298 βασιλεῖαι

167 2319 185 2384 ὁ
209 2321 379 2403 βασιλικὸς
398 2320 537 2404 στρατὸς
552 2320 590 2388 V.
605 2357 648 2370 —
703 2323 817 2406 ἔχουσι
840 2328 949 2388 τοῦτο.
971 2357 1009 2368 -

166 2427 232 2492 594
256 2424 325 2491 ἐστὶ
351 2428 523 2511 δηλονότι,
552 2451 648 2514 super
703 2427 769 2493 594
792 2425 917 2494 οὐδένα
943 2429 1008 2514 γὰρ
1033 2429 1184 2494 δεδίασιν

165 2535 251 2619 quod
280 2535 387 2618 ἤγουν
415 2533 452 2599 ἐν
474 2535 648 2619 παρακιώ-
702 2535 738 2600 oc
752 2534 895 2618 ὑπήκοοι
913 2537 972 2601 ἔτι.
994 2535 1184 2621 ἠλευθέρω-

166 2663 243 2724 μαιι
271 2640 469 2724 εὑρίσκομεν
496 2641 557 2707 τὸν
580 2640 647 2727 (εὑ-
700 2665 754 2707 ται
782 2636 845 2708 οὖν
870 2641 982 2708 αὐτῶν
1003 2641 1024 2725 ἡ
1048 2647 1182 2724 γλῶσσα

166 2750 365 2833 ρισκόμενον
394 2745 478 2834 οοδ.)
509 2747 647 2831 βασιλέα
700 2750 785 2833 πρὸς
806 2751 843 2815 τὸ
865 2759 1065 2833 κακηγορεῖν
1088 2751 1182 2831 βασι-

165 2854 205 2919 V.
232 2892 269 2901 -
295 2852 392 2918 *τῶν
415 2855 589 2938 <βροτ>ῶν
607 2855 646 2919 V.
701 2854 769 2920 λέα.
792 2893 828 2903 -

166 2997 206 3008 -
223 2963 288 3028 595
303 2959 531 3045 ἠλευθέρωται
548 2959 588 3026 V.
604 2999 646 3007 —
909 2967 911 2971 ’

165 3067 230 3134 596
240 3069 367 3152 βάζειν]
379 3067 540 3151 ὥστεΰπν,
551 3089 646 3152 super

164 3176 249 3260 quod
267 3174 379 3259 λέγειν
397 3180 431 3239 εἴ
448 3197 479 3239 τι
497 3172 592 3239 θέλει
605 3173 646 3240 V.

167 3318 204 3329 -
227 3281 290 3347 597
311 3279 381 3347 ἐπεὶ
398 3280 564 3347 VBG.-
589 3280 646 3347 καὶ
700 3280 764 3348 597
789 3281 809 3364 ἡ
834 3280 983 3364 ἀλκή.-

164 3391 261 3454 ἔλυσο
275 3388 316 3456 V.
330 3425 372 3435 —
393 3388 507 3471 ζυγὸν]
531 3389 591 3454 τὸν
605 3387 645 3454 V.

165 3491 275 3583 ἀλκᾶς]
300 3519 321 3580 η
341 3517 438 3580 super
457 3519 478 3560 α
497 3499 530 3560 et
551 3517 645 3580 super

965 3603 1019 3652 ιο*
