2632 3878
543 171 582 222 IN
596 170 629 224 V.
650 171 764 224 86-89.

152 333 185 396 ολ
216 331 323 416 (γάρ)
352 329 481 415 Πέρσαι
512 330 629 418 αρρόην

149 431 318 524 Ἀσσύριοι
363 437 543 503 ἐκαλοῦντο
589 437 629 503 V.

151 547 327 629 Περσικόν.
360 545 395 610 ολ
414 545 477 630 γάρ
501 543 630 628 Πέρσαι

148 645 316 736 Ἀσσύριοι
344 649 524 716 ἐκαλοῦντο
549 653 631 736 κρό-

149 780 247 841 τερον
273 757 334 824 GL
367 755 517 845 (άσάριοι
544 761 630 823 uter-

150 885 213 947 que
247 861 330 930 siout
361 865 396 930 in
428 867 520 929 textu
552 863 630 929 utri-

149 991 250 1055 usque
274 969 425 1057 άσύριον.
459 969 631 1056 πρότερον

150 1075 330 1143 ἐκαλοῦντο
340 1075 391 1162 L).
415 1075 629 1163 ΠερσικόνΒ.

154 1216 190 1227 -
206 1181 499 1249 έλαάνιονλῙΒθιῙι
518 1182 631 1270 (antea

150 1301 344 1370 παρακινῶν
358 1291 395 1373 L,
408 1300 513 1370 κινῶν
529 1287 631 1376 G).—

149 1396 191 1460 86
216 1396 252 1461 έν
275 1394 408 1485 πολέμῳ
430 1396 470 1462 V.
494 1433 538 1444 -
560 1406 630 1473 τοῖς
685 1396 727 1462 86
750 1407 820 1474 τοῖς
839 1394 1039 1481 Ἀθηναίοις.
1062 1436 1099 1444 -

145 1498 340 1585 Ἀθηναίοις
380 1514 450 1580 τοῖς
490 1505 630 1588 περιφη-

148 1633 223 1693 μοις
237 1610 311 1692 ἤτοι
324 1620 394 1686 τοῖς
410 1607 547 1692 Ἕλλησι
561 1619 650 1685 τοῖς·

149 1714 333 1792 ἐπαινετοῖς
343 1716 382 1782 V.
411 1727 481 1792 τοῖς
494 1713 631 1799 Ἕλλησι

149 1820 219 1888 BG.
255 1832 325 1899 τοῖς
344 1820 504 1906 Ἕλλησιν
527 1822 564 1886 L.
588 1859 630 1868 —

150 1928 187 1993 έν
211 1929 329 2012 δόρασι
352 1935 484 2006 κλυτοϊς
505 1926 560 1994 καὶ
579 1928 595 1994 ἐ
616 1970 631 1979 -

149 2035 261 2113 δόξοις
279 2058 382 2122 marg.
398 2036 436 2102 G.
454 2074 491 2083 —
513 2036 554 2102 87
570 2037 630 2100 τὸν
684 2037 726 2102 87
752 2035 812 2100 τὸν
834 2045 902 2100 τῶν
926 2039 1082 2121 Περσῶν·
1109 2058 1164 2102 το-

150 2142 187 2208 ἐν
227 2143 336 2222 τόξοις
375 2143 561 2228 δαμάζοντα
597 2142 629 2207 V
683 2141 774 2220 ξότοιι
796 2143 870 2228 γάρ.
888 2178 932 2188 -
954 2141 1045 2208 Idem
1068 2142 1102 2207 in
1124 2141 1165 2228 G,

149 2246 436 2337 (vid.s0h.A82).
459 2287 496 2296 —
682 2249 747 2314 nisi
779 2249 866 2335 quod
898 2250 961 2334 γάρ
991 2243 1084 2315 οὗτοι
1116 2250 1165 2315 ibi

682 2355 810 2441 legitur.
840 2356 900 2421 τὸν
923 2365 991 2420 τῶν
1014 2361 1052 2422 Π.
1071 2356 1163 2437 τοξό-

682 2482 757 2546 την·
780 2462 915 2546 τοξότης
931 2463 995 2549 γάρ
1014 2457 1113 2540 οὗτος
1127 2463 1163 2529 L.

150 2567 192 2632 88
215 2565 377 2651 ἀνδρεῖος,
398 2568 536 2650 δόκησιν
553 2567 629 2653 περὶ
687 2605 724 2617 -
751 2569 793 2635 88
817 2570 967 2654 δόκιμοςι
999 2568 1163 2655 ἀνδρεῖος,

15 2725 17 2732 .
149 2673 254 2738 αὑτοῦ
295 2674 380 2757 ἔχων
420 2676 565 2758 μεγάλην
589 2675 629 2739 V.
684 2677 824 2760 δόκησιν
844 2673 921 2763 περὶ
939 2674 1060 2742 ἑαυτοῦ
1079 2678 1164 2762 ἔχων

15 2765 17 2770 ’
149 2779 303 2864 άνδρελος
327 2779 365 2845 G.
398 2779 551 2865 άνδρεϊος
575 2781 630 2846 δό-
683 2782 838 2866 μεγάλην.
856 2819 893 2830 -

16 2973 17 2984 ρ
149 2904 247 2970 κησιν
285 2889 369 2970 ἔχων
405 2888 441 2952 L.
490 2889 630 2971 δόκησιν

149 2996 234 3077 έχων
264 2991 339 3079 περὶ
373 2994 477 3059 αὑτοῦ
505 2994 629 3079 (αὐτῶν

149 3100 232 3186 οοό.)
251 3101 399 3184 μεγάλην
418 3122 520 3186 marg.
535 3099 572 3166 G.
589 3139 626 3148 —

148 3207 356 3291 ὑκοσχεθείς,
370 3205 629 3292 <άντι>μαχεσά
684 3206 847 3289 ἀντιστάς,
864 3205 1165 3293 άντιμαχεσάμένος

147 3313 291 3398 μενοςλλ.
315 3313 469 3390 ἀντιστάς
481 3313 516 3378 L.
540 3313 629 3380 άντι-
683 3311 1003 3400 (άντιμαχησάμενος
1017 3310 1073 3401 m).
1087 3352 1132 3360 -

149 3419 309 3503 στάμενος
340 3419 412 3506 (sic)
441 3419 482 3485 H.
510 3457 553 3467 -
586 3421 628 3486 89

148 3525 308 3612 βλέμματι
316 3526 345 3592 V
353 3523 428 3612 (scr.
438 3524 628 3612 βλάμματι).
