2632 3878
516 169 567 227 ¹IN
584 175 616 228 V.
638 178 787 230 128-133.
1121 175 1163 240 51

153 339 215 418 128
253 339 440 422 βυσσίνοις]
475 339 631 402 καθιστό-
687 337 751 403 128
775 337 858 402 κατὰ
875 347 992 403 κοινοῦ
1010 337 1111 403 πύλιν
1129 340 1167 404 τὸ

151 467 223 528 ροις
241 443 282 509 H.
305 481 349 491 —
373 443 516 528 ἱματίοις
531 442 572 508 V.
591 479 628 490 —
685 445 745 527 μή·
784 444 829 527 μὴ
865 441 957 528 ῥῆξις
992 442 1076 531 πέσῃ
1108 443 1168 528 (ἐν

150 549 242 635 ῥῆξις
251 551 290 616 V.
315 552 421 634 σχίσας
439 549 472 614 Η
491 546 537 638 (ις
560 571 631 615 eva·
686 548 760 616 add.
778 549 934 637 Kirohh.>
954 549 1100 628 πέπλοις.
1127 588 1165 600 -

149 655 243 743 nuit).
260 694 297 704 -
1087 673 1089 680 “

152 1082 216 1147 130
230 1070 290 1146 ’καὶ
310 1081 441 1158 ἱππικὸς
455 1081 494 1146 V.
514 1118 557 1128 -
575 1079 631 1148 καὶ

148 1186 186 1253 ε’ν
204 1195 249 1274 τῷ
268 1185 358 1278 πέύςο
375 1187 429 1273 (τῇ
447 1187 533 1276 πέύᾳ
547 1189 630 1273 cod.)

148 1297 278 1380 βαίνων
287 1294 326 1360 V.
345 1331 382 1341 -
404 1293 627 1378 <λ>αὸς11.-
651 1327 653 1330 ·

150 1404 211 1469 131
240 1406 371 1486 πλῆθος
400 1405 566 1486 μελισσῶν
589 1402 630 1467 V.
686 1402 748 1467 131
763 1402 1017 1466 καταλελοίπασι
1031 1402 1092 1484 τὴν
1107 1406 1166 1468 πό-

147 1513 278 1593 πλῆθος
306 1507 341 1573 Β.
368 1545 406 1555 -
436 1508 498 1591 τὴν
530 1510 629 1574 πόλιν
683 1511 738 1572 λιν
765 1506 1033 1585 ἀκολουθοῦντες
1059 1507 1165 1596 Ξέρξῃ

147 1616 304 1698 δηλονότι
317 1614 358 1680 V.
387 1615 447 1692 τὰς
464 1616 576 1692 πόλεις
591 1614 629 1681 G.
683 1613 728 1691 ὡς
747 1612 900 1698 μέλισσαι
917 1616 955 1681 τὸ
975 1623 1108 1701 σμῆνος.
1121 1656 1165 1664 -

146 1721 210 1788 ἀπὸ
246 1731 314 1787 τῶν
349 1722 480 1786 πόλεων
517 1719 553 1786 L.
577 1759 626 1812 ,-

148 1831 212 1896 132
234 1835 280 1916 τῷ
304 1827 438 1914 ἄειυνῷ
461 1826 502 1892 V·
553 1826 628 1911 ἠνε-

146 1938 224 2019 μόνι
261 1933 356 2000 BGL
394 1933 555 2020 (ἡγεμῶνι
591 1933 628 1999 L.

146 2043 254 2126 ἤγουν
268 2051 313 2130 τῷ
324 2039 431 2127 Ξέρξῃ
442 2041 512 2106 add.
523 2038 573 2128 B).
583 2079 628 2087 -

145 2717 209 2782 133
241 2717 301 2782 τὸν
335 2718 514 2802 ζευγνύντα
541 2718 625 2801 (ζευ-
681 2717 744 2783 133
768 2717 827 2782 τὸν
846 2716 1082 2800 ἀμφίζευκτον;
1102 2719 1160 2782 τὸν

143 2831 271 2906 γνῦντα
285 2822 368 2908 σού.)
387 2825 444 2901 τὰς
466 2823 625 2911 ἠπείρους
681 2823 861 2906 ζευγνύντα
877 2823 976 2907 ἄμφω
990 2823 1051 2899 τὰς
1069 2822 1160 2906 ἠπεί-

142 2929 181 2996 V.
200 2967 237 2977 -
259 2930 406 2996 διελθὼν
417 2930 456 2996 V.
479 2931 625 3016 περάσας
679 2953 760 3012 ρους
800 2928 821 3013 ἢ
864 2929 1087 3014 ζευγνύμενον
1127 2929 1160 3008 ἐξ

143 3035 184 3101 Η.
224 3037 371 3102 διελθὼν
395 3036 541 3120 περάσας
564 3035 624 3102 GL
678 3035 814 3122 ἀμφοῖν.
864 3035 885 3120 ἢ
924 3037 983 3102 τὸν
1023 3035 1160 3115 ὑποζευ-

143 3140 294 3231 (περίσας
314 3141 365 3231 L).
390 3181 426 3190 —
677 3141 811 3228 χθέντα.
848 3143 951 3227 βατὸν
974 3143 1037 3232 γὰρ
1057 3144 1160 3209 αὐτὸν

678 3249 833 3333 ἐποίησεν
857 3249 875 3316 ὁ
898 3247 1029 3335 Ξέρξης.
1049 3287 1093 3297 -
