2628 3892
165 213 256 266 LVIII
476 211 688 263 ADNOTATIO
713 211 865 263 camos.

238 369 391 436 Quoniam,
424 370 552 438 quamvis
579 368 691 438 paucis.
723 371 820 423 tamen
848 369 1084 425 demonstravisse
1112 371 1184 428 mihi

74 437 78 445 ’
164 441 263 498 videor
281 444 311 496 et
329 441 409 496 codd.
425 441 450 494 V
470 443 499 494 et
516 440 542 494 H
562 444 591 495 et
609 444 703 494 textus
721 440 935 494 Dindorfianum
953 441 1182 511 antiquioresque

166 530 254 584 aeque
278 511 314 568 ad
335 511 491 566 editionem
515 513 668 566 curandam
691 511 866 567 adhibendos
892 528 967 578 csse,
994 513 1119 568 breviter
1137 531 1183 569 ex-

164 601 269 656 ponere
287 583 379 652 lubet‚
404 597 476 651 quae
487 581 674 653 ‘potissimum
691 582 796 638 menda
813 584 843 638 in
861 581 942 638 libris
965 601 1051 638 manu
1070 586 1183 656 scriptis

167 659 197 712 et
215 655 385 711 editionibus
405 653 518 709 obviam
538 653 603 710 sint.

237 733 261 781 A
279 725 434 781 lenioribus
453 727 486 778 ut
503 724 639 795 incipiam
657 725 795 795 peccatis:
816 724 928 795 singula
942 727 1033 781 verba
1047 731 1183 783 mate

166 799 345 868 depingenda
365 813 424 852 non
447 797 585 850 curabant
607 796 728 864 librarii,
758 796 816 850 sive
841 797 918 866 quod
940 797 970 851 in
994 797 1109 853 scholiis
1128 799 1182 854 hoo

164 871 257 924 minus
281 871 417 922 interesse
441 869 606 936 credebant,
631 868 783 922 dummodo
806 867 868 936 ipsa
890 869 1087 938 interpretatio
1106 872 1182 926 recte

165 941 345 1007 scriberetur,
370 940 428 993 sive
448 938 524 1008 quod
543 937 656 992 omnino
675 937 926 1008 grammaticorum
949 940 1078 996 doctrina
1100 940 1182 996 indu·

166 1014 264 1068 striam
282 1009 432 1078 fatigabat.

236 1084 270 1138 el.
290 1081 347 1136 sch.
364 1087 414 1135 143
437 1079 469 1134 τὸ
493 1078 526 1134 δέ
549 1079 614 1134 ἀντὶ
636 1088 686 1134 τοῦ
708 1080 763 1150 γάρ
785 1081 872 1150 vulgo
891 1081 954 1149 Da,
977 1084 1010 1136 ut
1028 1082 1065 1138 Μ.
1102 1103 1182 1138 τουτ-

165 1153 240 1210 έστιν
258 1153 326 1207 VH.

236 1224 293 1280 sch.
309 1229 360 1278 776
384 1224 470 1350 κατιβ

236 1296 293 1351 soh.
308 1299 362 1349 216
380 1295 432 1363 την
467 1296 563 1350 κείνου
586 1293 659 1348 κατὰ
677 1301 733 1348 τῶν
749 1291 916 1363 Ἀθηναίων
927 1291 1107 1364 ἐκστρατείαν
1127 1298 1181 1352 bd.

163 1385 216 1439 pro
235 1367 287 1436 τὴν
306 1361 418 1422 ἐκείνου
442 1364 540 1432 ἔξοδον
563 1364 613 1419 καί
635 1365 687 1434 τὴν
709 1365 779 1436 πρὸς
801 1367 867 1429 τοδς
881 1363 1048 1436 Ἀθηναίους
1071 1367 1180 1438 ἄφιξιν,

165 1456 238 1510 quae
254 1438 341 1493 lectio
360 1436 468 1492 scholio
487 1437 518 1492 M
535 1435 673 1491 firmatus

235 1510 293 1566 sch.
309 1514 361 1563 358
381 1506 467 1571 ἰδίαις
486 1510 510 1560 V
530 1524 581 1577 pro
601 1505 719 1570 οἰκείαις
738 1509 811 1576 quod
830 1510 965 1578 probatur
983 1510 1040 1565 soh.
1055 1515 1116 1566 507.

225 1583 293 1648 seh.
307 1585 342 1634 44
361 1577 470 1635 οἰκοῦσι
490 1579 512 1634 O
531 1595 582 1648 pro
602 1578 757 1650 κατῴκουν.
1107 1584 1109 1589 “

236 1652 293 1707 sch.
309 1656 361 1706 155
381 1650 543 1774 βαθύζωνοι
561 1647 593 1704 δὲ
613 1645 735 1704 αὑταιί
754 1667 806 1720 pro
826 1651 987 1723 βαθύζωνοι
1006 1649 1038 1707 δέ
1058 1649 1091 1707 αἰ
1106 1655 1181 1721 Περ-

163 1726 240 1787 σίδες
257 1723 333 1792 quod
352 1738 381 1776 sc
405 1764 410 1775 .
428 1719 551 1776 interlin.
566 1721 592 1776 V
611 1720 774 1790 reperimus.

236 1795 293 1849 seh.
311 1800 360 1848 143
389 1794 583 1863 φροντίσωμεν
606 1791 692 1861 vulgo
715 1792 768 1846 Dd.
787 1791 826 1858 Η,
854 1795 995 1863 φροντίδα
1018 1793 1179 1864 ποιήσωμεν

162 1868 187 1920 V
206 1865 283 1935 quod
301 1865 338 1918 ad
364 1866 466 1935 poetae
488 1863 576 1917 verba
594 1864 734 1934 φροντίδα
751 1864 876 1934 δίιμεδα
894 1864 1064 1934 explicanda
1079 1866 1179 1921 melius

163 1939 254 1993 estet
273 1935 311 2007 gl.
326 1938 352 1991 V
371 1933 538 1992 defenditur.

234 2009 291 2064 seh.
308 2014 358 2064 601
379 2009 524 2076 δυστυχεῖς
543 2006 567 2058 V
585 2023 637 2076 pro
656 2007 865 2076 δυστυχοῦντες.

234 2080 291 2136 sch.
307 2084 358 2134 483
377 2076 512 2134 πνέουσιν
526 2077 613 2146 vulgo
627 2094 678 2148 pro
699 2086 834 2147 φυσῶσιν,
854 2081 884 2132 et
903 2075 1010 2148 ἔφυγον
1024 2078 1109 2148 vulgo
1125 2096 1177 2150 pro

162 2160 255 2223 φυγῆς
274 2147 437 2220 ἐδράξαντο.

235 2223 292 2278 sch.
309 2227 359 2277 ⁷53
378 2220 510 2290 τυχόντος
523 2219 577 2276 Dd.
593 2237 626 2274 ex
641 2222 662 2274 P
680 2238 732 2289 pro
751 2217 967 2293 καταλαβόντος.
1004 2220 1065 2276 Hoc
1084 2223 1178 2276 autem

163 2295 201 2364 gl.
215 2295 246 2348 M
263 2302 313 2348 τοῦ
332 2297 460 2361 καταλαμ
480 2291 598 2354 ἄνοντος
615 2292 774 2360 respondet.

233 2364 292 2418 seh.
309 2369 343 2419 74
361 2380 553 2432 σοναμομενον
574 2361 637 2424 VH,
658 2361 832 2433 συνηγμένον
850 2363 937 2433 vulgo
955 2362 1009 2420 Dd.
1028 2362 1065 2418 M.

232 2435 378 2490 Interdum
397 2451 431 2487 ex
450 2433 580 2487 omnibus
600 2433 744 2488 codicibus
773 2449 891 2502 quorum
905 2434 999 2489 nullus
1013 2445 1108 2490 veram
1122 2434 1179 2490 lec-

162 2507 271 2562 tionem
288 2505 415 2576 praebet,
434 2504 558 2573 genuina
575 2505 663 2558 verba
681 2476 873 2558 concludenda
892 2508 965 2560 sunt.
1002 2505 1089 2560 Velut

234 2577 291 2632 seh.
307 2583 340 2632 50
360 2573 390 2630 οἰ
407 2573 514 2631 ἔνοικοι
533 2572 563 2630 οί
579 2571 611 2631 ἔκ
629 2585 678 2630 τοῦ
699 2573 776 2646 ἱεροῦ
798 2577 914 2646 Τμώλου
932 2576 966 2646 V,

359 2645 389 2701 οἰ
406 2645 512 2702 ἔνοικοι
530 2655 580 2701 τοῦ
600 2645 677 2716 iacob
699 2647 814 2717 Τμώλου
833 2649 897 2716 ΗΟ,

137 2769 139 2774 .
358 2715 389 2772 οἰ
403 2719 521 2787 πλησίον
540 2717 683 2781 οἰκοῦντος
700 2727 750 2773 τοῦ
770 2715 847 2788 ἱεροῦ
868 2719 984 2789 Τμώλου
1001 2719 1055 2774 Dd.

164 2791 270 2860 (itaque
288 2790 319 2857 P,
348 2807 412 2843 cum
435 2807 469 2842 ex
492 2789 598 2858 antiqu.
618 2789 691 2858 edd,
719 2805 790 2858 quae
814 2790 984 2859 sobolom,
1012 2789 1097 2846 lectio
1120 2807 1178 2846 non

160 2865 252 2934 possit
269 2863 373 2916 hausta
391 2862 472 2928 esse).
798 2895 801 2902 Δ
1062 2879 1065 2886 ·

233 2933 302 2987 Ιιιδο
321 2932 406 2986 facile
424 2931 463 3000 id,
486 2933 561 3000 quod
580 2931 751 3002 glossemate
770 2935 795 2987 V
814 2935 956 2988 servatum
975 2936 1031 2989 est:
1056 2931 1086 2988 οἰ
1102 2931 1177 2988 ἔνοι-

162 3023 208 3059 κοι
234 3002 263 3060 οἰ
282 3004 401 3072 πλησίον
427 3002 505 3066 ὄντες
527 3012 577 3058 τοῦ
601 3000 678 3073 ἰεροῦ
700 3007 730 3060 Τ.
754 3004 881 3060 efficitur.
919 3003 1018 3073 ltaque
1040 3004 1085 3058 bis
1109 3022 1177 3060 vera

162 3074 249 3130 lectio
268 3078 378 3130 mutata
401 3076 456 3142 est,
482 3078 525 3128 ita
546 3077 655 3141 tamen,
681 3077 715 3142 ut
732 3076 761 3128 iu
780 3074 865 3129 VHO
886 3072 993 3130 ἔνοικοι
1010 3091 1065 3130 vox
1084 3092 1176 3130 serva·

161 3148 239 3201 retur
258 3148 340 3200 etex
359 3144 388 3200 οἰ
403 3147 523 3215 πλησίον
542 3144 621 3208 ὄντες
643 3147 723 3200 fieret
742 3143 771 3201 οἰ
788 3142 819 3201 ἐκ
838 3155 887 3201 τοῦ
907 3144 948 3217 (ol
964 3142 996 3201 ἐκ
1015 3147 1176 3217 corruptela

162 3221 217 3272 orni
231 3217 310 3287 ΗΟ),
333 3217 364 3270 in
382 3215 403 3270 P
426 3219 584 3272 servaretur
607 3214 637 3271 οἰ
652 3219 770 3286 πλησίον
790 3219 819 3271 et
837 3235 871 3272 ex
891 3215 997 3273 ἔνοικοι
1020 3217 1110 3282 darer:
1135 3218 1178 3274 ol«

160 3297 277 3350 κοῦντες
294 3287 381 3342 fieret.

233 3359 304 3412 Tum
332 3358 482 3412 verborum
508 3359 664 3413 suncturae
687 3360 845 3426 mutantur,
872 3359 951 3413 velut
976 3361 1032 3415 sch.
1047 3366 1100 3416 234
1123 3379 1174 3431 pro

472 1224 574 1296 ίβασαν
593 1221 616 1275 Ρ
634 1240 685 1292 pro
706 1221 897 1296 καταβιβάσαι
916 1225 1180 1297 συνεβουλεύσαντο.

162 3426 316 3500 ἐρωτηθείς
340 3427 354 3482 δ
378 3429 460 3552 ἔσρος
475 3471 498 3484 ..
514 3447 614 3499 φησινι
639 3423 728 3512 ἔροιτηῖ
751 3429 801 3511 τὸν
816 3431 909 3510 ’χορὸν
927 3428 1072 3498 ήἎτοοσα
1087 3473 1111 3487 ..
1126 3435 1180 3487 καί

162 3519 249 3570 φησιν
270 3501 302 3566 V,
321 3513 377 3566 quo
416 3499 485 3552 ferri
503 3502 616 3554 omuino
634 3501 745 3568 nequit,
768 3516 825 3552 mss
844 3499 942 3554 scribis
962 3501 1011 3554 καί
1030 3497 1112 3566 οὗτός
1130 3503 1177 3558 vel

118 3607 120 3614 ,
162 3569 270 3634 ἐκεῖνός
288 3587 383 3639 φησιν.
421 3568 477 3622 Sed
495 3573 570 3625 recte
590 3571 676 3624 ceteri
695 3568 814 3626 codices.
