2642 3872
517 151 556 202 IN
574 150 606 203 V.
627 153 776 204 659-670.
1091 147 1153 212 191

138 331 202 410 659
232 329 380 413 ὑπῆρχεν
412 327 552 394 VBGL.
579 367 618 377 —
675 329 739 395 659
762 327 828 396 ὑπὸ
849 331 909 394 τὸν
929 326 1049 394 ἑαυτοῦ
1067 330 1154 395 πόδα

137 436 268 520 ἐξῆλθε,
292 435 419 520 ἡνιόχει
432 433 473 499 V.
494 473 535 482 —
555 442 620 519 φεῦ
674 433 809 520 ἡνιόχει.
833 471 878 482 -

135 542 176 609 V·
203 580 239 591 ..

137 1075 203 1140 660
225 1074 333 1157 ἤγουν
356 1068 383 1138 ὦ
401 1076 540 1157 βασιλεῦ
558 1093 619 1138 πα·
674 1074 740 1139 660
761 1075 910 1157 βαλλῆνα
929 1075 988 1138 τὸν
1006 1073 1152 1158 βασιλέα.

135 1175 208 1246 λαοὶ
247 1178 394 1268 (*ἥνουν
432 1185 464 1245 et
500 1174 619 1246 παίαιὲ
659 1176 1152 1269 ΙΕὐφορίωνιίὲί’)ουρίανφνμνί

136 1310 196 1353 scr.
244 1287 298 1351 alt.
344 1284 401 1374 m.)
431 1285 472 1354 V.
524 1289 617 1370 βασι,
672 1287 734 1370 τὴν
754 1287 935 1353 διάλεκτον.
953 1325 989 1334 -
1012 1289 1153 1372 βαλλήνε

135 1396 213 1470 λεὺς
236 1393 318 1458 κατὰ
338 1396 494 1479 Θουρίων
511 1398 618 1476 γίῶσ-
672 1394 829 1477 βασιλεὺς
861 1394 943 1459 κατὰ
977 1395 1151 1476 Θουρίους.

136 1517 210 1583 σαν,
235 1500 280 1576 ὥς
302 1517 408 1584 φησιν
431 1499 616 1584 Εὐφορίων
671 1501 738 1566 664
761 1494 850 1577 εἶδος
872 1499 1093 1584 ὑποδήματος.
1109 1537 1149 1546 -

134 1605 297 1693 (ἐφορίαν
331 1602 408 1693 GL)
435 1603 539 1670 BGL.
576 1643 614 1654 -
671 1606 737 1672 665
772 1607 901 1692 τιάραςε
938 1616 996 1692 τῆς
1031 1608 1151 1691 κυρβα-

134 1715 197 1781 661
223 1711 416 1797 *ἀφ<ίκου>
434 1710 474 1778 V.
492 1749 529 1758 -
552 1713 616 1778 662
670 1716 753 1789 σίας.
769 1751 811 1761 -
829 1714 894 1780 666
918 1718 1061 1798 φαίνων,
1087 1714 1152 1778 δει-

132 1817 190 1885 καὶ
217 1819 335 1904 ἐξοχὴν
361 1816 418 1910 καὶ
445 1820 617 1902 περιωπὴν
670 1820 786 1884 κνύαν
812 1829 870 1904 τῆς
892 1814 1151 1906 περικεφαλαίας

131 1925 172 1992 V.
210 1925 328 2011 ἐξοχὴν
354 1924 460 1991 BGL.
485 1961 528 1972 -
557 1933 616 1991 τοῦ
669 1927 730 1991 τὸν
753 1928 870 2011 λόφον.
896 1963 934 1973 -

132 2033 244 2117 τάφου
262 2031 299 2096 Β.
318 2069 354 2080 -
373 2032 438 2097 664
458 2033 612 2115 εὔμαριν]

131 2137 217 2221 *τὴν
230 2123 325 2202 V.-
352 2135 433 2202 *καὶ
455 2148 560 2204 κινῶν
575 2137 614 2206 V.
695 2143 701 2154 “

131 2256 235 2312 κινῶν
254 2243 356 2311 BGL.
375 2281 410 2292 -
431 2245 497 2310 665
521 2229 615 2326 βασι-

132 2354 237 2433 λείου]
262 2353 343 2434 *τῆς
361 2351 399 2416 V.
424 2389 462 2398 —
484 2350 614 2434 *ἤμουν

130 2459 167 2522 τὸ
197 2455 322 2541 στέμμα
344 2456 385 2521 V.
414 2494 459 2504 -
485 2479 614 2541 περικε-

132 2568 276 2648 φαλαίας
303 2562 344 2630 V.
377 2601 417 2611 —
452 2565 516 2630 666
548 2566 613 2630 δει-
727 2627 732 2636 ,

130 2671 243 2736 κνύαν
252 2669 292 2737 V.
316 2669 561 2755 φαίνωνΒΘΙν.
574 2709 610 2718 -

132 3011 195 3075 667
219 3009 405 3093 πορεύθητι
429 3007 469 3072 V.
486 3045 524 3054 -
542 3012 612 3074 Δα-

131 3127 198 3199 ρεῖε
208 3115 247 3179 V.
262 3153 298 3162 -
316 3106 362 3196 οἷ]
379 3114 490 3179 *ὅπου
506 3115 612 3198 ἤγουν

130 3221 277 3287 ἐνταῦθα
301 3222 340 3286 V.
368 3258 406 3268 -
438 3221 502 3287 668
531 3221 611 3286 *ἵνα
666 3221 732 3286 675
769 3220 814 3298 ὡς
849 3220 960 3308 ἐπῳδῇ
992 3218 1147 3307 κέχρηται

129 3326 270 3393 VBGL.
305 3366 344 3375 -
379 3326 549 3413 *ἀκούσῃς
572 3327 611 3393 V.
665 3326 956 3415 τῷ(πῇυι)“βοίσαε
970 3327 1146 3410 πάτερ’.-

132 3471 169 3481 -
188 3436 253 3500 670
277 3431 303 3500 ὦ
326 3434 429 3518 πάτερ
452 3443 513 3500 τοῦ
531 3435 611 3500 υίοῦ

15 3565 17 3690 ρ
129 3550 192 3606 σοῦ
225 3539 329 3628 (*acc.
363 3541 433 3606 add.
468 3543 524 3606 alt.
554 3541 610 3627 m.)
