2642 3864
158 188 222 254 154
586 189 743 242 scnom

131 362 224 418 ιτῶν
247 352 284 418 ἐν
306 363 443 438 χειμῶνι
460 353 641 434 πλεόντων,
665 351 719 416 ὅτε
742 361 897 436 φυσῶσιν
920 349 1071 437 ὀλέθριοι
1097 353 1172 418 ἄνε-

156 483 223 545 μοι.
272 454 359 537 τινὲς
391 455 428 524 δέ
454 460 552 526 τοῦτό
580 475 684 542 φασιν
712 457 832 540 οὕτως,
865 458 916 524 ὅτι
939 457 1020 543 ἐκεῖ,
1053 463 1171 545 φησίν,

158 565 294 632 ἀπίασιν
318 566 403 632 ὅπου
426 565 549 643 αὐτοὺς
571 565 590 630 ό
613 566 734 649 ἄνεμος
757 563 860 651 φέρει.

158 731 174 779 ὁ
193 732 336 794 φοσσῶσιν
349 722 413 792 VH,
432 721 567 780 πνέουσιν
585 725 670 795 vulgo
690 755 723 766 -
744 731 760 779 6
779 742 867 793 φησιν
886 722 973 787 οὕτως
986 724 1012 778 Η
1028 755 1060 765 -
1080 720 1170 780 ἐκεῖσε

156 795 301 864 vulgoDd.
315 827 351 837 -
371 801 386 850 7
406 795 527 850 ἀνιῶσιν
545 796 570 850 V

224 1208 291 1274 486
323 1206 360 1272 οί
378 1203 441 1292 μέν
464 1204 549 1292 ἀμφὶ
571 1217 733 1294 κρηναῖον
750 1206 866 1290 γένοςε
889 1209 990 1285 τόπος
1007 1210 1171 1284 Βοιωτίας

160 1313 180 1398 ἡ
205 1316 332 1398 Κρήνη.
369 1315 405 1380 οί
424 1309 486 1398 μὲν
509 1308 583 1397 οὖν,
607 1315 723 1398 φησίν,
747 1313 781 1391 ἐς
803 1313 864 1398 τὴν
887 1317 1045 1380 Βοιωτῶν
1063 1316 1172 1398 χθόνα

159 1428 205 1508 τῷ
230 1421 321 1500 δίψει
344 1423 566 1508 φθειρόμενοι
588 1418 644 1486 καὶ
666 1419 951 1505 ἀποθνήσκοντες,
976 1421 1012 1487 οί
1032 1419 1069 1486 δὲ
1092 1421 1173 1486 ἀπο-

159 1526 364 1612 λειφθέντες,
387 1527 582 1612 παρειμένοι
604 1525 660 1592 καὶ
683 1519 757 1594 οἷον
780 1529 900 1612 μικρὸν
918 1527 1173 1612 ἀσθμαίνοντες,

132 1633 349 1718 εέκπερῶμεν
371 1634 456 1718 πρὸς
477 1634 540 1718 τὴν
560 1635 697 1699 Φωκίδα
719 1632 776 1700 καὶ
798 1634 860 1717 τὴν
878 1635 1018 1720 Δωρίδα
1036 1644 1100 1720 γῆν
1117 1622 1194 1699 καί

158 1741 218 1806 τὸν
245 1743 363 1824 Μηλιᾶ
390 1743 527 1824 κόλπον,
556 1740 642 1806 ὅπου
670 1738 738 1826 ῥέει
765 1739 784 1806 ὁ
808 1742 991 1826 Σπερχειὸς
1018 1745 1173 1826 ποταμός.

161 1842 259 1924 οὗτος
290 1847 354 1932 γὰρ
388 1845 422 1926 ἐξ
445 1844 610 1912 Ἀνιάνων
642 1846 729 1933 ῥέων
756 1849 804 1925 είς
831 1849 891 1913 τὸν
918 1848 1097 1933 Μηλιακὸν
1120 1847 1173 1934 ἐμ·

159 1954 273 2037 βάλλει
295 1956 429 2020 κόλπον.
492 2041 494 2044 ¹

232 2113 397 2184 Ιβοιωτίασ
414 2109 499 2175 τόπος
517 2112 544 2166 Η
575 2143 612 2152 -
643 2107 755 2168 λέστλν
772 2111 791 2182 ἡ
806 2111 865 2166 VH
898 2141 931 2153 —-
964 2110 1004 2176 είς
1021 2111 1073 2182 τὴν
1090 2113 1121 2180 V,
1146 2109 1175 2177 ές

158 2191 214 2238 τῶν
232 2183 259 2236 Η
286 2215 320 2224 -
349 2191 364 2238 3
391 2188 430 2256 τῷ
458 2199 512 2240 om.
535 2182 571 2252 H,
593 2191 628 2255 τῇ
647 2186 674 2254 (η
694 2199 763 2240 corr.
779 2202 813 2238 ex
831 2184 903 2254 m)V
926 2215 962 2224 —
989 2183 1038 2238 καὶ
1065 2185 1174 2240 ἀποθν.

160 2252 370 2325 ..παρειμένοι
383 2253 478 2310 om.H
498 2287 530 2295 -
559 2251 787 2325 λάσθμένοντες
799 2255 825 2309 V
844 2286 878 2295 -
903 2249 1076 2325 δέπερῶμεν
1094 2254 1120 2309 V
1139 2287 1174 2296 -

160 2324 201 2388 είς
217 2324 269 2395 τὴν
285 2327 308 2378 V
329 2357 362 2366 -
386 2325 435 2380 καὶ
452 2324 505 2396 τὴν
523 2328 639 2396 Δωρίδα
654 2325 752 2381 om.H
776 2357 808 2367 -
833 2333 849 2381 6
868 2329 966 2396 μελλιᾶ
988 2323 1076 2382 τόπον
1094 2326 1120 2380 Η
1139 2358 1173 2367 -

161 2393 219 2466 ῥέει
238 2396 363 2522 (ιὸωᾷΗ
387 2428 421 2437 -
441 2404 455 2452 7
475 2395 617 2453 Αἰνιάνων
635 2396 801 2467 Dd.exOP,
826 2396 953 2453 ἀνιένων
970 2397 1120 2467 vulgovfl
1141 2429 1174 2438 -

160 2471 277 2537 μηλικν
