2652 3866
132 233 198 298 232
563 237 720 288 scflomA

201 399 266 464 836
275 420 343 482 sqq.
381 395 446 463 ὑπὸ
469 399 533 482 γὰρ
557 405 618 462 τοῦ
641 398 764 480 ἄλγους
787 409 854 462 τῶν
873 397 1085 464 ἐπελθόντων
1103 407 1148 487 τῷ

134 503 239 591 Ξέρξῃ
263 515 373 570 κακῶν
397 504 503 570 πάντα
522 505 562 570 τα
580 503 662 589 μέρη
684 515 751 570 τῶν
769 507 930 570 ποικίλων
949 505 1147 590 ἐσθημάτων

137 612 242 677 αὐτοῦ
265 621 534 698 στημορραγοῦσι
562 609 616 677 καὶ
644 613 725 696 μετὰ
748 622 815 677 τῶν
839 615 1014 696 στημόνων
1038 613 1150 678 αὐτῶν

24 743 25 746 ’
138 719 353 805 διαρρέουσιν
377 718 481 806 ἐντῷ
506 719 647 803 σώματι,
677 719 714 784 αί
734 720 866 796 λακίδες
888 717 944 784 καὶ
967 721 1005 784 αι’
1025 721 1151 803 διασχί-

109 842 220 902 τσεις·
249 823 421 892 τουτέστιν
448 825 595 910 ὑπὸτῆς
621 829 772 906 θλίψεως
795 825 946 913 διέρρηξε
976 828 1016 890 τὰ
1041 826 1151 910 ίμοίτια

136 932 240 998 αὑτοῦ
264 932 282 998 ὁ
305 931 437 1018 Ξέρξης.
461 933 671 1018 vulgoDd.V.
756 923 760 927 ’
1157 943 1160 950 ’

209 1095 223 1142 1
244 1089 300 1144 ἀπὸ
319 1089 345 1144 V
365 1121 397 1130 —
417 1089 470 1161 χδιρ
490 1106 544 1144 om.
564 1089 617 1144 Dd.
637 1121 670 1132 —
694 1097 750 1145 τῶν
774 1085 816 1144 ἐπ.
840 1099 936 1145 κακῶν
959 1095 997 1163 τῷ
1021 1090 1052 1148 Ξ.
1071 1089 1096 1144 V
1116 1121 1151 1130 -

137 1167 153 1216 2
178 1159 274 1216 πάντα
296 1158 366 1232 μέρη
385 1161 411 1215 V
435 1193 468 1202 -
497 1167 513 1214 3
538 1163 659 1232 σημείων
677 1161 703 1215 V
728 1195 760 1203 —
789 1168 806 1216 4
830 1161 1047 1232 διαρρήσσονσιν
1070 1160 1153 1217 OPV

138 1236 349 1338 (διαδήσσουσιν
359 1266 405 1338 V),
425 1264 607 1339 διαρρέουσιν,
618 1267 762 1337 vulgoDd.
777 1299 811 1310 —
830 1271 942 1332 λακίδες
956 1266 988 1323 δὲ
1003 1269 1089 1338 vulgo
1098 1267 1152 1324 Dd.

138 1371 171 1380 -
191 1339 240 1393 καὶ
258 1341 410 1410 διασχίσεις
427 1338 480 1394 Dd.
500 1370 534 1380 -
554 1346 570 1394 6
589 1339 676 1394 αὐτοῦ
694 1339 779 1396 Dd.V

208 1805 272 1868 842
284 1825 352 1887 sqq.
389 1803 473 1887 πρὸς
504 1805 563 1891 τὸν
596 1805 698 1888 χορόν
731 1821 836 1888 φησιν
864 1803 881 1869 ὁ
910 1810 1070 1889 Δαρεῖος,
1104 1803 1155 1868 ὅτι

141 1908 205 1993 ἐγὼ
229 1905 290 1994 μὲν
314 1910 427 1993 ἄπειμι
450 1909 537 1975 κοίτω
561 1911 608 1986 είς
630 1910 689 1975 τὸν
704 1907 834 1994 Ἅιδην,
862 1910 956 1994 ὑμεῖς
980 1908 1029 1996 δέ,
1053 1905 1079 1974 ὦ
1102 1933 1155 1992 γε-
1235 1969 1238 1976 Δ

141 2020 246 2103 ραιοί,
274 2019 402 2101 χαίρετε
427 2015 463 2082 ἐν
486 2029 601 2094 κακοῖς
623 2017 684 2101 μὲν
709 2019 816 2100 ὄντες,
845 2018 933 2103 ὅμως
961 2018 998 2083 δὲ
1025 2019 1156 2103 χαίρετε

141 2132 231 2210 ψυχῇ
260 2124 412 2200 διδόντες
439 2121 577 2208 ἡδονήν,
607 2125 713 2207 ἤγουν
741 2124 885 2200 θύοντες
913 2121 986 2209 ἐμοὶ
1013 2122 1068 2190 καὶ
1095 2125 1157 2206 τὴν

115 2231 225 2315 εέμὴν
257 2231 369 2316 ψυχὴν
398 2229 581 2313 ἡδύνοντες
614 2232 669 2296 διὰ
701 2241 768 2295 τῶν
800 2237 941 2297 θυσιῶν.
990 2242 1061 2308 τοῖς
1092 2231 1157 2314 γὰρ

142 2345 290 2403 θανοῦσι
312 2341 418 2402 θυσία
441 2339 526 2421 μόνη
552 2335 621 2402 ἐστὶ
645 2336 860 2422 προσδεκτέα,
883 2343 1026 2415 πλοῦτος
1046 2334 1082 2402 δὲ
1101 2336 1158 2402 οὐ·

143 2441 202 2510 δέν
227 2445 356 2529 ὠφελεῖ.
381 2443 593 2528 vulgoDdV.

215 2564 363 2637 3χηραιολ
381 2564 408 2619 V
427 2597 461 2606 -
480 2562 532 2636 μὲν
556 2564 649 2624 om.V
676 2596 708 2606 —
738 2564 822 2620 4καλ
849 2565 936 2636 vulgo
964 2581 1019 2620 om.
1038 2595 1071 2606 -
1092 2570 1107 2618 6
1127 2561 1155 2618 δ’

143 2641 251 2710 ὠφελεῖ
266 2634 351 2692 οὐδὲν
369 2636 395 2690 V

211 2801 277 2868 845
288 2823 335 2885 sq.
359 2799 377 2865 ὁ
400 2799 500 2884 χορὸς
523 2798 754 2876 ἀκούσαςοίπὸ
778 2808 838 2864 τοῦ
856 2802 1016 2885 Δαρείου,
1040 2797 1060 2862 δ
1084 2797 1158 2883 μέλ-

144 2915 241 2974 λουσι
271 2904 325 2971 καί
354 2909 401 2972 ἐτι
424 2912 549 2970 παθεῖν
572 2906 607 2970 οί
628 2904 756 2992 Πέρσαι
784 2905 877 2988 κακοί,
906 2908 1023 2989 φησίν·
1056 2905 1160 2981 ὅντως

143 3018 272 3100 ἤλγησα
297 3012 441 3090 ἀκούσας
458 3023 529 3088 τοῖς
547 3010 694 3098 Πέρσαις
716 3013 823 3077 πολλοὶ
845 3014 977 3096 πήματα
999 3009 1055 3076 καὶ
1077 3033 1161 3096 παρ-

146 3125 226 3188 όντα
254 3118 310 3185 καί
340 3115 490 3204 μέλλοντ’
519 3120 685 3202 ἐτνίίτοι
714 3117 734 3183 δ
762 3128 826 3184 νῦν
853 3119 1019 3203 πάσχουσι
1053 3115 1107 3183 καὶ
1139 3115 1161 3181 δ

120 3227 327 3314 ιμέλλουσιν
351 3228 399 3292 ἐτι
422 3225 535 3302 αὐτοῖς
559 3224 714 3291 ἐπελθεῖν
737 3225 946 3311 vulgoDdV.

220 3356 233 3402 1
254 3348 310 3403 ἀπὸ
325 3357 374 3404 τοῖν
389 3350 514 3417 Δαρείου
528 3349 555 3402 h.
565 3347 584 3404 l.
596 3348 686 3418 om.V,
696 3347 853 3416 quihabet=
869 3346 888 3401 δι
907 3345 1036 3418 μέλλοντι
1053 3350 1162 3402 παθεῖν

146 3421 195 3477 καὶ
216 3418 256 3476 ἔτι
275 3419 350 3474 κακὰ
374 3418 403 3475 ολ
420 3417 528 3490 Πέρσαι
547 3418 603 3474 ἀπδ
622 3427 672 3473 τοῦ
691 3424 724 3472 Δ.
744 3417 832 3489 φησίν
852 3451 883 3459 -
908 3427 923 3474 3
942 3418 1064 3489 ἥλχησας
1083 3419 1107 3471 V
1127 3449 1161 3459 —-

146 3491 271 3554 ἀκούσας
296 3489 385 3545 πολλὰ
409 3489 525 3560 πήματα
549 3497 608 3552 τοῖς
628 3487 750 3558 Πέρσαις
774 3488 903 3558 παρόντα
929 3489 991 3557 ἤτοι
1017 3489 1109 3545 δινῦν
1128 3489 1163 3558 V,

121 3615 123 3618 .
146 3564 196 3618 καὶ
214 3561 338 3625 ἀκούσας
356 3562 441 3630 vulgo
460 3591 494 3601 -
514 3568 531 3614 4
549 3559 612 3628 ἤτοι
635 3558 654 3613 ἃ
673 3569 726 3616 νῦν
749 3559 887 3632 πάσχουσι
906 3561 954 3616 καὶ
973 3558 1099 3632 μέλλοντ’
1122 3559 1163 3616 ἔτι

146 3635 249 3702 Pauw.‚
268 3630 285 3701 ἢ
305 3648 355 3701 pro
373 3630 436 3699 ἤτοι
454 3631 506 3687 Dd.
