2642 3872
512 161 550 210 IN
569 159 601 211 V.
622 163 773 213 σιτ-955.
1084 161 1150 226 255

669 322 787 406 λάμοις
810 323 944 403 κρούων
965 317 1089 390 Ἰαστί’.
1110 363 1152 371 -

669 428 713 506 ὡς
772 439 840 493 τῶν
895 432 1151 513 Μαριανδυνῶν

667 537 859 621 θρηνφάῶν
914 537 1035 602 ὄντων·
1095 535 1150 602 καὶ

668 639 765 706 αὐλοὶ
803 640 842 707 δέ
876 666 964 720 τινες
996 641 1150 727 λέγονται

668 747 908 834 Μαριανδυνοὶ
960 749 1151 834 ἐπιτηδείως

133 854 198 920 943
230 850 370 938 πέμπετε
399 852 536 918 VBGL.
569 893 613 901 —
669 857 799 939 ἔχοντες
821 857 904 941 πρὸς
927 859 1086 942 θρήνους.
1106 896 1150 908 -

132 961 198 1024 944
243 958 388 1044 *φωνήν
427 959 532 1026 VBL.
572 999 610 1006 -
668 964 734 1028 944
775 963 795 1046 ή
832 963 913 1048 τύχη
951 964 1150 1048 μεταβεβλη-

131 1067 197 1131 945
220 1064 373 1150 *ἐγένετο
392 1068 432 1133 V.
455 1105 493 1116 -
667 1095 729 1135 ται.
756 1107 793 1116 -

131 1174 195 1238 947
215 1175 255 1238 τά
274 1184 341 1239 τῶν
360 1181 451 1240 λαῶν
464 1175 557 1259 πάθη
571 1175 611 1240 H.
667 1177 731 1242 947
765 1178 805 1242 τά
836 1177 929 1261 πάθη
962 1189 1030 1243 τῶν
1058 1185 1148 1244 λαῶν

132 1279 169 1345 έν
191 1292 261 1358 τοϊς
283 1282 405 1348 πάθεσι
431 1292 498 1346 τῶν
521 1287 612 1346 λαῶν
667 1282 785 1367 σέβων.
803 1320 845 1329 -

129 1391 289 1472 γινόμενα
318 1387 355 1453 G.
388 1426 431 1436 -
464 1390 612 1470 σεβάζων

130 1493 169 1558 V.
196 1531 233 1542 —
261 1495 325 1560 948
349 1493 404 1560 καὶ
428 1493 464 1560 έν
487 1504 526 1580 τῇ
549 1502 612 1560 θα·
667 1497 732 1561 948
765 1498 804 1562 τά
841 1495 878 1562 ἐν
915 1505 954 1580 τῇ
991 1498 1146 1583 θαλάσση

79 1647 82 1652 «
129 1602 235 1686 λάσση
255 1605 442 1685 τυπτόμενα
454 1602 493 1667 V.
515 1603 555 1666 τά
571 1611 610 1686 τη
665 1603 839 1687 συμβάντα
867 1603 1056 1689 ἀτυχήματα
1079 1616 1147 1669 τῶν

129 1708 283 1793 θαλάσση
306 1707 480 1792 τυφθέντα
498 1709 539 1774 Η.
570 1711 611 1774 τά
665 1716 819 1776 πολιτῶν.
839 1748 881 1757 -

130 1812 183 1900 (τά
206 1837 241 1878 τε
265 1813 306 1901 Β)
333 1815 370 1879 έν
393 1824 431 1899 τῇ
454 1815 609 1900 θαλάσσῃ

32 1957 44 1974 =
129 1923 289 2005 γινόμενα
305 1921 409 1986 BGL.
428 1959 469 1968 —
490 1922 611 1987 δυστυ-

128 2031 256 2112 χήματα
267 2024 398 2114 HBGL,
413 2031 446 2094 et
460 2029 494 2093 in
509 2051 611 2114 marg.

128 2135 174 2200 H:
211 2133 300 2218 λέγει
333 2133 370 2201 δὲ
403 2137 443 2200 τά
475 2135 609 2219 σώματα

127 2253 194 2306 τῶν
209 2247 360 2324 Περσῶν.
376 2279 417 2289 -
434 2244 498 2308 949
517 2242 610 2307 *ἕνε-

126 2373 184 2414 κεν
204 2348 242 2414 V.
265 2387 302 2396 —
324 2348 456 2432 γέννας]
477 2348 610 2435 καὶτῆς

127 2455 332 2541 ἀνατροφῆς,
380 2457 507 2541 δηλαδή
551 2467 609 2542 τής

124 2567 252 2640 πόλεως
261 2562 303 2626 Η.
319 2599 360 2609 -
375 2561 501 2648 καὶτῆς
516 2563 608 2642 ἀξίας

124 2669 273 2746 πένθους
296 2669 338 2734 Η.
364 2706 402 2716 -
662 2671 726 2734 949
741 2669 890 2746 πένθους
904 2669 995 2748 ἀξίας
1006 2665 1142 2756 (gh).-

125 2779 190 2843 952
236 2776 389 2861 ἀφείλετο
435 2776 497 2859 τήν
538 2787 606 2842 τῶν
662 2775 726 2841 952
772 2775 790 2840 ὁ
837 2770 980 2852 Ἀττικὸς
1025 2779 1143 2853 στόλος

127 2888 267 2970 Περσῶν
281 2886 459 2969 σωτηρίαν,
472 2881 605 2968 [ἐφεῦρε
660 2881 813 2965 ἀφείλετο
833 2883 895 2966 τήν
915 2887 1059 2965 Περσῶν
1078 2900 1139 2947 σω-

123 2991 184 3074 τήν
200 2993 378 3076 σωτηρίαν]
390 2989 432 3056 Η.
451 2989 604 3074 ἀφείλετο
658 2991 785 3073 τηρίαν.
828 3025 870 3034 -
912 2989 977 3056 953
1019 2989 1036 3055 ὁ
1074 2999 1141 3054 τῶν

125 3096 208 3181 ἡμᾶς
230 3095 332 3162 BGL.
356 3096 436 3164 *καὶ
459 3097 604 3164 ἀπόλαυ·
655 3093 789 3161 Ἰώνων.
822 3132 863 3143 -
897 3096 962 3162 954
990 3095 1140 3162 τουτέστι

123 3215 178 3266 σἰν
225 3204 327 3268 ἔδωκε
376 3215 444 3269 τῶν
494 3215 603 3270 κακῶν
658 3206 849 3289 νικηφόρος.
864 3240 905 3250 -

122 3310 229 3392 ήγουν
249 3309 416 3395 ἐβοήθησε
430 3310 603 3386 τοΐςἼωσι

121 3415 160 3480 V.
176 3454 218 3464 —
239 3416 304 3482 955
322 3418 496 3499 σκοτεινήν
506 3415 545 3482 V.
562 3455 601 3464 -
658 3417 723 3483 955
768 3416 945 3502 ἀποκείρας
990 3417 1138 3502 στυγνήν
