2642 3872
538 210 577 261 ΙΝ
596 207 628 262 v,
648 211 798 261 κιο-κιο.
1134 206 1177 271 85

161 367 329 454 (δωοίσκω
353 368 389 454 L,
414 372 572 453 θυρίσκυ
597 369 639 455 G)

159 477 222 560 γὰρ
245 473 300 540 καὶ
320 479 459 564 Λαυρίῳ
479 473 557 564 (γάρ
577 499 640 542 om.

160 583 197 666 G,
220 580 275 648 καὶ
294 586 335 648 Λ.
349 606 412 648 om.
428 583 496 665 BL,
519 585 640 668 λαυρία

161 687 204 775 G)
232 698 289 773 τῆς
319 685 464 773 Ἀττικῆς
492 689 642 774 ἀργύρου

159 795 303 880 μέταλλα
316 794 453 881 (μέταλα
464 793 535 884 GL)
546 794 641 860 BGL.

160 958 227 1022 242
255 951 319 1042 ἆρα
341 956 380 1022 V.
408 993 445 1002 —
480 955 559 1034 τόξα
591 953 642 1019 ἕλ-

159 1080 265 1130 κουσα
295 1063 336 1129 V.
381 1062 493 1146 τοξικὴ
527 1061 565 1127 G.
601 1099 639 1108 —

160 1172 247 1236 inker
256 1173 366 1256 χειρὸς
376 1175 408 1234 et
418 1169 534 1255 πρέπει
544 1169 642 1234 rubro

161 1299 319 1362 superscr.
334 1276 447 1353 αὐτοῖς
460 1275 501 1340 V.
519 1313 557 1322 —
578 1277 642 1341 243

161 1385 329 1468 οὐδαμῶς]
349 1382 527 1462 τοξουλκὸς
540 1381 580 1447 V.
601 1419 639 1428 -

161 1492 240 1576 ξίφη
264 1491 304 1556 V.
331 1528 367 1537 -
400 1487 437 1556 δὲ
464 1494 540 1574 post
562 1491 641 1572 ἔγχη

159 1600 193 1662 in
222 1604 300 1664 text.
323 1597 353 1664 V
377 1599 513 1663 illatum.
537 1636 581 1646 -
609 1594 642 1673 ἐξ

161 1699 209 1771 ὧν
233 1705 403 1788 συστάδην
426 1705 587 1790 μάχονται
600 1701 641 1766 V.

161 1812 303 1895 στάσιμα
325 1811 423 1876 HBL
453 1808 520 1896 (καὶ
549 1807 640 1894 ἀγχέ-

161 1942 248 2002 μαχα
264 1918 333 1984 add.
345 1917 412 1982 BL.
435 1914 551 2002 πρέπει
565 1915 641 1980 τού-

159 2048 230 2102 τοις
260 2024 401 2109 στάσιμα
432 2023 536 2106 ἤγουν
565 2044 641 2086 κον-

161 2133 258 2218 τάρια
294 2129 349 2196 καλ
388 2128 555 2214 ἀγχέμαχα
588 2125 641 2214 G).

160 2241 267 2324 ἤγουν
305 2237 340 2304 ἐκ
376 2246 436 2303 τοῦ
472 2234 642 2318 συστάδην

161 2346 336 2432 μάχεσθαι.
381 2346 460 2420 τοὺς
500 2343 564 2426 γάρ
607 2340 642 2406 ἐκ

163 2451 394 2536 διαστημάτων
417 2453 643 2534 πολεμοῦντας

161 2557 393 2644 κατηυτέλιζον
419 2578 521 2640 marg.
542 2554 579 2620 G.
602 2592 639 2602 —

161 2667 342 2732 πανοπλίαι
364 2661 473 2728 HGL.
497 2699 539 2708 -

161 2829 228 2893 244
251 2825 422 2910 βασιλεύς,
445 2821 579 2908 ἡγεμὼν
601 2821 642 2887 V.

163 2935 320 3015 βασιλεὺς
331 2930 371 2996 Η.
391 2930 523 3015 ἡγεμὼν
537 2927 640 3008 BGL,

162 3061 261 3122 supra
287 3039 362 3104 hoc:
390 3037 515 3122 ποιμὴν
538 3036 574 3101 G.
599 3073 641 3082 -

162 3143 227 3209 245
251 3142 374 3229 ἀνδρὸς
391 3143 430 3210 V.
450 3181 492 3192 -

698 407 736 418 —
758 369 909 456 ἀργύρου
931 371 1034 453 πηγηε
1060 367 1096 434 ἐν
1116 372 1176 434 Θο-

695 483 776 564 ρικῷ
795 477 859 560 γάρ
880 476 949 542 ἐστι
962 474 1106 561 μέταλλα
1120 474 1176 542 καὶ

695 582 732 649 ἐν
755 586 903 671 Λαυρίφ.
924 621 964 630 -

697 953 1173 1043 mmww-

697 1704 761 1768 243
780 1705 858 1787 ἔγχη
884 1702 1038 1768 σταδαῐαι
1063 1702 1098 1768 ἐκ
1116 1711 1177 1768 τοῦ

696 1809 866 1893 συστάδην
903 1813 1085 1893 μαχόμενα·
1130 1803 1175 1874 δι’

696 1912 744 1983 ὧν
768 1913 849 2004 (sive
873 1907 933 1998 οἷς,
958 1907 1032 1981 οἷον
1052 1917 1098 2000 m)
1119 1933 1178 1981 συ-

696 2023 821 2108 στάδην
835 2023 1004 2108 μάχονται.
1023 2024 1102 2098 τοὺς
1113 2023 1177 2105 γάρ

697 2130 732 2196 ἐκ
764 2129 996 2214 διαστημάτων
1036 2127 1178 2214 μαχομέ-

696 2261 778 2314 νους
800 2234 1041 2319 κατηυτέλιζον.
1060 2274 1102 2283 -
