2652 3866
54 245 63 256 ι
160 159 227 225 240
591 161 748 213 SOHOLIA

135 331 221 389 ετοῦ
253 325 394 406 πόντου,
426 322 534 406 ήγουν
566 322 584 388 ό
616 324 800 407 Βόσπορος.
845 315 943 397 οὗτος
974 320 1038 407 γάρ
1071 322 1180 404 στόμα

162 432 290 496 πόντου
312 427 449 514 λέγεται.
495 427 703 515 vulgoDd.V.

230 643 296 710 882
307 664 375 726 sqq.
416 645 519 727 νήσοί
537 665 572 708 τε
595 639 676 730 (άπὸ
699 649 817 707 κοινοῦ
839 641 876 705 τὸ
901 631 972 705 οἷαί
991 636 1104 724 εἰσιν),
1128 640 1182 704 αἴ-

43 775 46 780 ·
165 772 252 825 τινες
270 751 482 833 περίκλυστοι
500 746 556 814 καλ
569 749 635 814 ὑπὸ
649 757 707 832 τῆς
720 747 892 830 θαλάσσης
905 748 1182 847 περικλυζόμεναι

164 856 246 922 κατά
263 855 324 919 τὸν
336 850 584 937 Ἑλλήσποντον
604 853 739 942 (τοῦτον
757 855 821 939 γάρ
835 851 952 939 πρῶνα
966 853 1062 918 άλιον
1077 849 1182 941 λέγει)

165 962 433 1046 ὑποτασσόμεναι
469 959 524 1026 καὶ
560 963 836 1045 προσκαθήμενοι
876 968 916 1044 τή
953 957 1093 1046 ἡμετέρᾳ
1129 968 1184 1044 γῇ.

166 1069 264 1153 vulgo
272 1067 372 1134 Dd.V.

239 1213 253 1260 1
273 1207 358 1278 νῆσοί
372 1226 402 1262 τε
421 1225 475 1262 om.
485 1208 554 1262 V-
569 1205 601 1262 δὲ
619 1209 686 1278 post
700 1213 798 1262 κοινοῦ
812 1205 928 1261 inser.V
938 1237 972 1247 -
987 1203 1183 1276 λκλυζόμεναι

167 1277 309 1346 vulgoDd.
328 1309 364 1319 —
387 1286 403 1333 3
427 1277 500 1334 κατὰ
520 1278 570 1334 τὸν
580 1278 723 1346 Εὔξεινον
740 1277 846 1333 πόντον
864 1277 918 1334 Dd.
938 1308 970 1318 —-
996 1285 1013 1332 4
1031 1277 1080 1332 καλ
1097 1296 1185 1347 προσ-

168 1348 332 1421 καθήμενοι
351 1366 405 1406 om.
421 1349 444 1404 V

237 1548 302 1614 885
340 1549 394 1614 ολα
417 1545 561 1631 Λέσβοςι
585 1546 807 1631 μεταβέβηκεν
830 1549 878 1624 είς
900 1549 937 1614 τὸ
962 1553 1106 1631 Αίγαιον
1128 1545 1186 1613 πί·

122 1733 127 1741 .
169 1660 278 1738 λαγος.
323 1653 344 1737 ἡ
372 1655 436 1739 γάρ
464 1653 595 1740 Λέσβος
622 1654 659 1720 ἐν
687 1661 732 1742 τῷ
760 1655 890 1742 Αἰγαίῳ
923 1655 1057 1739 πελάγει
1085 1652 1185 1721 ἐστίν.

170 1761 292 1846 ὁμοίως
313 1758 368 1826 καλ
391 1760 412 1844 ή
436 1761 559 1845 Σάμος.
607 1760 815 1848 vulgoDd.V.
1004 1777 1006 1782 '

243 1901 309 1956 Ιτὸ
328 1897 359 1956 δὲ
379 1897 427 1956 οἶα
445 1869 585 1973 λόσβοςλλ
608 1931 642 1942 -
670 1899 787 1972 Αίγαῖον
805 1898 858 1954 Dd.
883 1931 916 1940 -
943 1899 1068 1970 λήγὰρ
1086 1904 1118 1955 Α.
1138 1899 1188 1954 καλ

170 1972 188 2043 ή
203 1975 236 2029 Σ.
252 1967 283 2028 ἐν
302 1976 339 2046 τῷ
354 1970 460 2063 Αήγαίφ
479 1971 550 2028 εἰσίν
564 1971 649 2042 vulgo
664 1973 729 2044 (om.
744 1971 846 2043 ὁμοίως
859 1971 909 2026 καλ
922 1971 940 2041 ἡ
955 1973 1000 2042 Σ.)
1022 2003 1054 2012 -
1071 1969 1186 2042 πελάγει

172 2061 225 2101 om.
244 2042 306 2113 Dd„
324 2047 436 2117 πελαγφ
454 2042 480 2097 V
500 2075 532 2084 -
553 2051 568 2097 3
588 2041 661 2114 ὅμως
679 2044 703 2098 V

240 2190 320 2271 [885
365 2187 496 2272 Λέσβος
523 2190 620 2266 πόλις
642 2189 799 2272 Αίολική,
827 2189 1029 2271 μητρόπολις
1056 2183 1093 2254 δὲ
1120 2199 1189 2252 τῶν

174 2299 344 2362 Αίολικῶν
358 2299 499 2378 πόλεων,
514 2298 713 2379 περίμετρον
728 2295 850 2376 ἔχουσα
872 2291 908 2358 θ’
922 2294 1078 2376 σταδίαν,
1093 2317 1189 2378 μετα-

174 2400 358 2487 ποιουμίνή
381 2411 439 2487 τῆς
458 2398 613 2488 Ὀρφέως·
626 2406 780 2485 κεφαλής.
818 2399 888 2466 ἐκεῖ
903 2400 966 2486 γάρ
986 2418 1090 2484 φασιν
1108 2402 1189 2484 μετά

175 2509 326 2576 θάνατον
362 2508 468 2593 αὐτήν
503 2513 673 2574 λαλοῦσαν
704 2513 985 2594 προσενεχθῆναι·
1021 2515 1119 2573 τοῦτο
1153 2503 1190 2572 δὲ

151 2615 352 2702 ιέμυθεύθή
377 2617 433 2682 διὰ
455 2616 493 2681 τὸ
517 2615 674 2701 ἀρίστους
692 2613 762 2679 ἐκεῖ
782 2611 837 2680 καλ
860 2616 940 2698 μετὰ
961 2610 1077 2699 Ὀρφέα
1098 2612 1190 2696 γενέ-

176 2729 258 2789 σθαι
277 2724 404 2808 άνόρας
421 2725 567 2808 λογίους,
589 2716 638 2794 ὧν
656 2717 699 2805 ἦν
716 2718 771 2786 καί
787 2703 907 2805 Ἀρίων
925 2720 943 2786 ὁ
962 2723 1191 2803 Μηθυμναῖος

176 2827 231 2894 καὶ
254 2832 419 2907 Πιττακὸς
447 2827 503 2895 καλ
530 2829 548 2895 ὁ
576 2829 714 2913 ποιητής
738 2826 889 2905 Ἀλκαῖος
915 2823 970 2892 καὶ
997 2826 1018 2910 ή
1047 2815 1190 2910 Σαπφώ,

176 2939 374 3021 θαυμαστόν
392 2960 434 3019 τι,
454 2939 548 3022 φασί,
567 2938 725 3021 γυναικὸς
744 2944 864 3020 σχῆμα·
887 2934 971 3019 πρὸς
991 2932 1034 3018 ήν
1053 2931 1192 3018 οὐδεμία

177 3045 263 3129 γυνή
292 3044 473 3128 ἐφάμιλλος
500 3045 548 3122 είς
569 3047 706 3127 ποίησιν
729 3038 781 3126 ήν.
827 3037 870 3126 ήν
895 3038 931 3106 δὲ
954 3038 1191 3124 πεντάπολιςή

139 3173 165 3214 ιο
179 3147 308 3234 Λέσβος
335 3152 456 3235 ἔχουσα
483 3161 551 3216 τῶν
579 3147 608 3215 ε’
631 3149 693 3234 τήν
720 3148 865 3232 Λέσβον,
893 3143 953 3232 ἀφ’
979 3142 1019 3231 ής
1044 3147 1065 3231 ἡ
1094 3156 1194 3231 νήσος
1312 3137 1313 3154 ’

249 3324 311 3381 28
333 3274 426 3380 στόιὈ
456 3355 489 3366 -
519 3331 642 3393 Βφητιν
661 3324 693 3394 0,
712 3340 782 3378 corr.
797 3323 852 3407 Dd:
876 3353 908 3364 -·
938 3319 1077 3392 όὈρφέα
1096 3321 1195 3391 scripsi

179 3412 229 3466 pro
250 3393 375 3468 Ὀρφέως
402 3426 435 3436 -
466 3395 654 3458 λπιττανὸς.
671 3438 676 3450 .
691 3395 801 3457 άλϊαῐος
820 3391 925 3463 (ειε)0
954 3424 988 3433 -
1017 3401 1122 3449 8τινοι
1144 3409 1193 3464 pro
1311 3401 1312 3412 ¹

180 3467 301 3608 Ξιφρῶ-ν-
311 3474 414 3580 γρῆμα
432 3465 537 3535 O(Dd.)
557 3496 590 3506 -
612 3463 679 3522 οὐδὲ
699 3463 725 3519 α’
747 3465 769 3521 0
795 3496 826 3505 -
853 3472 887 3520 10
905 3462 959 3534 ἀφ’
976 3458 1010 3531 ἧς
1028 3463 1127 3535 scripsi
1145 3481 1195 3534 pro
