2632 3878
585 189 742 240 SOHOLIA

221 1416 285 1480 227
332 1423 435 1479 ταῦτα
463 1416 688 1498 θυμόμαντιςι
722 1413 825 1478 ταῦτα
852 1430 906 1479 σοι
932 1411 1104 1500 παρῄνεσα
1128 1414 1170 1479 οὐ

154 1522 254 1605 φύσει
282 1522 399 1606 μάντις
426 1521 484 1602 ὥν,
513 1515 584 1585 ἀλλ’
606 1520 669 1587 ἀπὸ
698 1525 860 1605 λογισμοῦ
886 1522 1013 1606 κρίνων
1036 1518 1091 1585 καὶ
1115 1519 1169 1586 ἐν·

153 1631 339 1712 θυμήσευς.
384 1636 484 1692 τοῦτο
506 1628 570 1709 γὰρ
594 1629 693 1711 δηλοῖ
714 1629 752 1693 τὸ
775 1629 996 1713 θυμόμαντις.

225 1783 358 1840 Scholion
377 1786 407 1838 in
425 1784 451 1838 V
469 1787 499 1838 et
517 1783 543 1838 H
561 1786 600 1839 sic
620 1801 683 1839 cum
702 1785 829 1839 anteced.
849 1784 1028 1840 coniunctum
1053 1788 1109 1838 est:
1135 1785 1168 1840 τὸ

153 1853 185 1911 δὲ
208 1865 297 1912 ταῦτα
320 1855 509 1927 θυμόμαντιςε
535 1889 564 1896 -
594 1865 683 1911 ταῦτα
701 1855 878 1926 θυμόμαντις
897 1853 948 1928 ὧν]
972 1864 1069 1924 ταῦτα,
1089 1858 1168 1925 φησί,

152 1925 300 2000 παρῄνεσα
314 1928 367 1983 Dd.
383 1929 411 1982 et
430 1927 534 1983 omisso
554 1925 593 1983 ὢν
607 1928 693 1996 vulgo
713 1960 747 1968 —
766 1927 814 1981 καὶ
831 1928 954 1997 φύσειΗ
975 1959 1007 1968 -
1028 1935 1043 1982 2
1063 1929 1168 1998 κρίνων

154 2018 207 2055 om.
227 2000 253 2053 Η
274 2032 305 2041 -
326 2005 343 2052 3
362 1999 418 2054 ἀπὸ
438 1995 620 2070 ἐνθυμήσεως
639 2001 724 2069 vulgo

218 2912 282 2977 228
328 2911 365 2974 τὸ
389 2904 451 2992 μὲν
473 2912 634 2993 φανερόν·
659 2910 818 2993 κρίνομεν
841 2910 887 2984 εἰς
905 2908 1010 2973 καλὸν
1029 2907 1069 2971 τὰ
1088 2905 1168 2991 ὁρα-

150 3015 254 3083 θέντα
287 3015 341 3082 σοὶ
371 3016 525 3094 ὀνείρατα
554 3014 804 3098 ἐκβιβασθῆναι.
851 3016 888 3078 τὸ
912 3011 946 3077 δ’
969 3015 1064 3078 ἄλλο·
1096 3017 1168 3098 κρί-

150 3146 254 3204 νομεν
285 3126 362 3188 τόδε
394 3124 498 3189 καλὸν
529 3119 703 3205 γενέσθαι·
740 3123 777 3187 τὸ
811 3127 918 3186 θῦσαι
952 3120 1169 3185 ἀπελθοῦσαν

150 3239 219 3304 τοῖς
241 3234 345 3311 θεοῖς,
370 3231 414 3307 ὡς
435 3227 639 3315 προέφημεν.
687 3229 852 3314 vulgoDd.

225 3431 237 3476 1
258 3419 310 3492 μὲν
329 3423 415 3492 vulgo
439 3439 493 3478 om,
514 3455 544 3463 -
565 3424 631 3493 post
649 3421 788 3491 φανερὸνε
813 3420 900 3484 οὕτως
922 3418 979 3491 ἔχει
1000 3419 1040 3476 ὅτι
1060 3420 1113 3475 Dd.
1134 3453 1167 3461 —

150 3499 166 3547 2
187 3493 234 3564 μοὶ
251 3509 302 3563 pro
321 3492 365 3548 σαὶ
383 3493 457 3549 vict.
485 3497 519 3534 '-
546 3502 561 3548 3
585 3494 616 3548 τὸ
636 3489 687 3548 ἐὰν
711 3493 876 3546 ἀπελθοῦσα
897 3492 989 3564 θύσῃς
1009 3498 1068 3555 τοῖς
1085 3495 1169 3554 θεοῖς

150 3565 235 3636 vulgo
255 3596 288 3606 -
308 3564 474 3619 ἀπελθοῦσα
491 3564 544 3618 Dd.
