2642 3872
531 195 571 248 ια
589 196 621 249 v.
641 159 791 248 ιον-ιιι.

158 357 221 420 307
246 353 302 420 καὶ
326 356 343 422 ὁ
367 355 406 421 V.
431 393 473 402 -
499 357 554 421 διά
581 365 638 440 τῆς

156 461 196 527 V.
230 499 271 510 -
309 465 489 547 κονταρίον
517 463 556 528 V.
598 500 635 508 —

157 570 221 636 308
269 568 416 653 ἐλαφρὸν
448 568 558 634 VHL.
598 606 635 615 —

158 675 301 759 ἐπηθησε
324 674 432 741 VBG.
473 673 638 758 ἐπήδησεν

157 1207 222 1274 309
246 1207 416 1291 Τενάγων]
436 1206 509 1273 6V.
530 1245 569 1255 -
594 1202 637 1288 τ’]
692 1208 757 1274 309
781 1209 914 1295 Βάκτρα
934 1210 1032 1286 πόλις
1050 1208 1172 1293 Περσί-

157 1311 212 1379 καὶ
234 1313 274 1378 V.
302 1351 345 1361 —
377 1313 511 1397 Βάκτρα
543 1317 639 1392 πόλις
693 1315 759 1392 ὐος.
784 1353 825 1361 -
1226 1311 1230 1317 ’

158 1421 325 1505 Περσίδος
334 1420 374 1486 V.
397 1421 531 1505 Βάκτρα
544 1423 640 1498 πόλις

158 1532 301 1609 Περσῶν
346 1526 383 1592 Ιι.
453 1529 554 1605 ἔθνος
607 1527 642 1592 οὐ

157 1633 328 1718 Βάκτριοι·
375 1629 423 1700 ὧν
463 1637 559 1712 πόλις
599 1636 640 1700 τά

157 1740 301 1824 Βάκτρα,
321 1743 471 1826 Περσική
493 1741 638 1826 marg.G.
760 1769 762 1773 ’

158 1883 200 1894 -
230 1845 407 1930 αὐτόχθων
439 1850 576 1932 πολίτης
598 1849 639 1914 V.
758 1879 760 1882 ·

158 1952 337 2037 αὐτόχθων
344 1952 386 2018 Η,
410 1956 547 2037 πολίτης
560 1957 639 2038 γνη-

158 2075 230 2136 σιος
247 2059 282 2124 Ιι.
307 2059 459 2136 ἐντόπιος
482 2057 537 2125 καὶ
559 2063 639 2144 γνη-
693 2060 759 2125 310
789 2059 957 2145 εὐφήμως·
994 2069 1098 2125 κεῖται
1135 2058 1172 2124 ἐν

158 2181 230 2243 σιος
253 2165 271 2231 ὁ
295 2168 431 2249 πολίτης
450 2166 488 2233 G.
509 2203 546 2214 —
574 2167 639 2233 310
692 2170 868 2252 Σαλαμῖνι.
893 2203 934 2213 -

149 2273 218 2356 Ιτην
241 2271 471 2358 πληττομόνην
494 2272 559 2338 ὑπὸ
581 2281 639 2357 τῆς

157 2379 329 2463 θαλάσσης
343 2380 383 2446 V.
409 2381 470 2464 την
493 2379 558 2444 ὑπὸ
581 2387 639 2463 τῆς

157 2487 331 2570 θαλάσσης
361 2486 590 2571 πληττομένην
617 2486 638 2571 ἣ
750 2481 752 2484 ’

158 2595 219 2678 τὴν
233 2594 298 2660 ὑπὸ
313 2594 487 2676 θαλάσσης
500 2597 638 2675 πλησια-

159 2699 299 2785 ζομένην
318 2701 355 2766 G.
379 2737 417 2748 —-
442 2701 504 2783 την
528 2703 638 2764 Σαλα-

158 2818 237 2890 μῖνα
261 2807 301 2872 V.
328 2845 365 2854 -—
399 2803 639 2892 ἀναστρέφεται

157 2913 218 2979 VG
265 2911 560 3001 (ἐπαναστρέφεται
595 2910 638 2976 H.

159 3020 377 3104 συστρέφεται
400 3019 451 3105 L).
478 3057 515 3066 -

158 3129 221 3192 311
247 3131 295 3208 τε]
319 3124 374 3192 καὶ
393 3126 493 3190 V.-

158 3553 224 3618 312
250 3545 343 3618 οὗτοι
357 3549 395 3616 G.
421 3547 475 3615 καὶ
495 3545 588 3617 οὗτοι
598 3551 637 3618 V.
693 3553 758 3618 312
816 3553 877 3636 τὴν
931 3552 1173 3637 πολοτρηρωνα
