2632 3878
124 203 164 254 VI
524 203 735 258 PRAEFATIO.

124 387 226 430 unum
250 367 282 429 et
304 385 507 434 communem
532 385 602 428 esse
625 363 748 430 fontem
771 367 951 431 ceterorum
975 363 1141 446 severeri,

125 476 164 536 ut
199 475 312 557 posset
348 470 569 556 probabiliter
599 471 828 539 demonstrari.
881 471 965 536 Tum
1002 469 1139 535 Medioei

125 581 237 662 partes
261 578 366 644 acrius
394 577 539 644 defendit
562 577 749 644 Dindorfius
778 579 1051 645 commentatione
1075 577 1143 661 illa,

128 707 193 768 qua
224 686 370 750 omnium
394 684 551 771 Aeschyli
579 685 737 751 librorum
768 685 928 772 originem
956 683 1141 749 eMcdicoo

127 791 258 858 ductam
298 815 369 858 esse
411 792 646 877 comprobabat
686 789 741 881 (in
777 791 896 858 Philol.
932 793 995 858 vol.
1027 788 1142 856 XVIII

127 921 159 981 p.
179 899 337 987 55-93).
385 898 599 964 Adversarius
632 899 741 964 extitit
773 898 1033 982 Heimsoethius,
1068 919 1142 966 cum

127 1006 162 1069 in
189 1006 273 1070 libro
306 1006 362 1092 qui
394 1005 582 1071 inscribitur
614 1004 683 1070 ‘die
714 1004 872 1072 indirecte
899 1005 1142 1089 liherlislerung

126 1112 183 1176 des
208 1113 471 1196 aeschyleischen
496 1111 612 1180 textes'
641 1136 671 1196 p.
690 1114 777 1180 5-8
806 1113 949 1180 codicem
977 1111 1142 1177 Vindobo-

127 1241 260 1284 nensem
283 1220 418 1286 no.19'l
442 1241 510 1286 non
538 1241 577 1284 ex
598 1219 634 1284 M
655 1220 788 1286 fluxisse
817 1220 1005 1285 affirmaret.
1050 1217 1142 1282 Idem

127 1347 169 1389 ne
192 1327 225 1390 in
249 1327 367 1392 ceteris
390 1327 518 1411 quidem
542 1325 681 1412 scriptis,
709 1349 790 1412 quae
814 1348 873 1394 suo
896 1327 968 1392 loco
991 1325 1143 1409 laudabo,

126 1454 208 1498 rece.
231 1434 322 1499 codd.
343 1434 497 1520 neglexit.
534 1432 633 1500 (iuius
657 1434 839 1500 sententiae
862 1433 1013 1500 faverunt
1028 1431 1144 1496 Weck-

128 1539 226 1605 linius
257 1541 292 1605 in
325 1541 410 1607 curis
439 1539 628 1625 Aeschyleis
661 1537 705 1628 (e.
729 1542 815 1607 1872
843 1537 954 1626 editis)
983 1563 1015 1624 p.
1034 1539 1078 1604 60
1110 1541 1144 1603 et

127 1645 338 1732 Ritsohelius,
360 1649 416 1734 qui
439 1648 473 1713 in
496 1647 597 1731 praef.
616 1647 751 1713 alterius
772 1646 903 1733 Septem
927 1646 1057 1712 fabulae
1079 1645 1144 1710 edi·

126 1753 226 1818 tionis
256 1753 400 1839 (Lipsiae
433 1777 460 1819 a.
487 1753 573 1820 1875
604 1752 724 1842 factae)
753 1779 783 1840 p.
808 1753 856 1819 VI
887 1754 968 1819 haec
1001 1751 1144 1836 scripsitr

127 1857 244 1944 ‘neque
264 1860 350 1950 enim
369 1861 465 1926 hodie
485 1860 628 1926 dubitari
645 1883 742 1946 posse
761 1860 899 1944 videtur,
923 1861 1002 1946 quin
1021 1881 1060 1923 ex
1078 1880 1143 1925 uno

128 1966 239 2051 aliquo
259 1967 436 2054 archetypo
456 1968 638 2054 antiquiore
658 1991 732 2034 oum
751 1967 835 2034 Med.
853 1971 925 2032 tum
944 1967 1043 2032 etiam
1062 1965 1145 2032 alter

127 2072 259 2157 quidam
283 2075 425 2140 eiusdem
448 2075 501 2140 vel
520 2076 670 2160 supparis
690 2075 806 2141 aetatis
826 2074 910 2140 liber
927 2072 1144 2156 transcriptus

127 2179 173 2243 sit
194 2203 279 2246 nunc
302 2182 498 2267 deperditus,
521 2186 558 2247 ut
579 2182 630 2246 illi
653 2183 837 2266 persimilis,
859 2182 908 2246 ita
925 2202 992 2247 non
1009 2201 1144 2265 prorsus

127 2308 200 2370 par,
235 2288 276 2351 ad
303 2288 389 2354 hunc
417 2293 527 2353 autem
555 2289 693 2354 alterum
720 2287 937 2354 recentiorum
967 2285 1143 2353 multitudo

129 2395 393 2478 apographorum
422 2397 488 2460 fere
515 2394 646 2461 redeat'
690 2394 766 2479 Ipse
790 2399 899 2460 autem
922 2417 1023 2460 unum
1046 2393 1145 2458 Medi·

128 2520 221 2564 ceum
244 2500 284 2564 ad
308 2501 482 2568 editionem
506 2501 665 2568 adhibuit.
712 2500 774 2567 Sed
797 2500 1011 2581 Kirohhoffio,
1038 2505 1075 2566 ut
1098 2500 1147 2565 ait

128 2605 162 2669 in
181 2608 281 2690 praef.
301 2608 452 2681 editionis
472 2607 515 2697 (a.
536 2610 647 2696 1880),
671 2613 763 2675 extra
781 2631 912 2674 omnem
930 2607 1144 2674 dubitationis

129 2713 234 2779 aleam
266 2715 411 2800 positum
448 2739 518 2782 esse
550 2716 678 2782 videtur
710 2717 859 2801 exempla
890 2715 1071 2782 recentiora
1103 2714 1145 2779 ad

128 2842 228 2888 unum
257 2823 366 2890 omnia
394 2845 414 2888 a
443 2823 512 2890 cod.
536 2822 619 2888 Med.
650 2823 796 2889 deriscta
827 2844 907 2890 esse.
953 2821 1036 2887 Tum
1059 2820 1144 2886 Mar-

128 2930 217 2996 tinus
240 2929 384 2998 Sorolius
414 2930 641 2996 dissertatione
669 2953 722 3016 ea,
750 2952 832 3016 quae
860 2934 911 2995 est
933 2928 984 2994 ‘de
1007 2930 1145 3013 ratione,

129 3059 212 3121 quae
243 3040 329 3104 inter
361 3060 417 3104 eos
445 3037 571 3104 codices
600 3037 810 3120 recentiores,
843 3037 960 3121 quibus
990 3035 1145 3122 Aeschyli

129 3145 260 3209 fabulae
280 3145 501 3229 Prometheus,
525 3143 657 3229 Septem
677 3143 748 3210 adv.
767 3141 907 3228 Thebas,
929 3142 1047 3208 Perseo
1071 3165 1145 3209 con·

128 3253 282 3337 tinentur,
310 3257 344 3318 et
366 3252 510 3318 codicem
532 3249 787 3317 Laurentianum
809 3249 1001 3318 intercedat'
1024 3247 1146 3338 (Berol.

129 3360 266 3426 ...1882
294 3355 396 3449 edita)
424 3359 562 3444 probare
590 3358 716 3424 studuit
743 3380 855 3425 omnes
886 3357 975 3424 codd.
1002 3378 1084 3423 rece.
1108 3379 1146 3421 ex

129 3489 195 3532 uno
210 3467 294 3533 libro
309 3490 328 3532 a
342 3465 426 3534 Med.
440 3467 567 3532 diverso
581 3465 753 3550 profectos,
767 3465 860 3530 illum
876 3469 985 3531 autem
996 3485 1146 3548 -quem

128 3572 241 3638 littera
271 3571 302 3638 A
333 3573 504 3661 insignivit
527 3610 570 3620 -
594 3594 634 3638 ex
664 3573 736 3658 ipso
769 3571 913 3639 Mediceo
946 3569 1145 3656 descriptum
