2642 3872
168 127 232 192 190
599 133 756 184 εοΗοιιΑ

164 293 271 376 μόνον
291 288 328 356 δὲ
348 291 493 358 ἐκαλεῖτο
509 302 619 379 τοῦτο,
639 292 790 360 ἀλλὰκαὶ
806 299 1006 381 ’θεομήστωρ
1025 296 1184 383 ὑπῆρχεν,

164 397 234 464 ἐπεὶ
264 394 302 465 εὖ
329 397 385 466 καὶ
412 405 520 477 καλῶς
544 399 707 466 ,ἐποδῶκει
735 399 790 466 καὶ
819 408 917 469 ίθυνε
945 402 1001 469 καί
1032 403 1097 470 ὑπὸ
1124 407 1185 471 τὸν

137 504 285 572 ιὲαυτοῶ
307 507 394 574 πόδα
417 507 545 593 ἡνιόχει
567 511 627 574 τὸν
650 511 802 593 στρατόν.

235 673 250 716 3
270 684 299 719 τε
318 684 355 720 vu
388 681 459 719 o-
477 672 495 720 4
513 661 612 734 ἐπειδὴ
631 666 680 721 καί
698 665 784 736 vulgo
804 699 837 708 -
857 667 906 722 καί
924 671 1016 730 καλῶς
1034 669 1128 725 om.V
1148 700 1182 710 -

163 731 297 791 ἐπεδόκει
315 736 348 796 V.
356 665 503 792 Vnam
517 737 543 790 Η
563 769 594 778 -
615 737 665 792 καί
684 739 768 792 ίθυνε
788 756 841 794 om.
857 738 989 808 OP(Dd.)
1006 771 1037 780 -
1058 747 1073 794 ό
1093 741 1184 795 αὑτοῦ

162 807 196 875 V,
219 808 306 862 αὐτὸν
325 807 352 860 Η
371 840 404 850 -
423 811 489 878 post
511 807 620 878 ἡνιόχει
637 809 690 864 Dd.
711 825 745 863 ex
764 809 785 861 P
810 809 888 865 add:
915 807 933 878 ἢ
958 808 1114 881 άνεπτίρου
1133 812 1183 866 καὶ

162 879 318 948 ταχύτατον
337 875 427 935 ἐποίει

229 1061 294 1126 660
305 1082 375 1145 sqq.
411 1061 539 1144 βαλλὴν
569 1064 780 1146 βαρβαρικῶς
810 1060 828 1126 δ
856 1063 1012 1144 βασιλεὺς
1042 1061 1180 1146 λέγεται.
1239 1103 1249 1122 .

160 1167 345 1252 Εὐφορίων
387 1167 427 1233 δέ
460 1185 545 1251 φησι
583 1171 738 1254 Θουρίων
775 1163 861 1233 εἶναι
897 1170 959 1252 τὴν
997 1170 1180 1236 διάλεκτον.

160 1271 265 1357 φησὶν
289 1269 364 1340 οὖν·
389 1269 415 1340 ὦ
439 1275 553 1360 άρχαῖε
574 1278 723 1360 βασιλεῦ,
748 1276 823 1341 ίκοῦ
840 1273 896 1341 καὶ
914 1286 1105 1361 παραγενοῦ
1123 1274 1180 1341 καί

160 1377 240 1448 ἐλθὲ
262 1377 313 1448 ἐπ’
339 1381 639 1468 άκρονκόρυμβον
658 1384 776 1467 όχθου,
799 1384 907 1466 ἤγουν
926 1381 979 1448 ἐπὶ
996 1385 1058 1468 τὴν
1072 1384 1180 1465 άκραν

133 1487 278 1575 ιέξοχὴυ
301 1487 356 1554 καὶ
378 1492 550 1575 περιωπὴν
573 1498 634 1555 τοῦ
656 1489 778 1573 τάφου,
808 1489 930 1574 ἀείρων
953 1487 1007 1556 καί
1031 1489 1178 1573 ἐπαίρων

158 1593 214 1660 καὶ
245 1607 350 1661 κινῶν
381 1598 443 1679 τὴν
465 1589 616 1680 Ιεὔμαριν
648 1594 704 1660 καὶ
735 1598 773 1662 τὸ
803 1597 959 1682 ὑπόδημα
986 1606 1048 1662 τοῦ
1074 1598 1179 1674 ποδὸς

158 1705 389 1786 κροκόβαπτον
418 1699 473 1767 καὶ
504 1701 653 1788 ἐρυθρὸν
683 1701 739 1768 καὶ
769 1706 943 1787 βασιλικόν
973 1741 1010 1750 -
1042 1706 1111 1768 ἔστι
1140 1701 1178 1769 δὲ

157 1817 257 1874 τοῦτο
270 1811 470 1894 περίφρασις
487 1846 538 1893 -,
552 1811 754 1893 πιφαύσκων
767 1807 823 1874 καὶ
842 1808 1079 1876 δεικνύωνκαὶ
1098 1809 1178 1874 ἀνα-

158 1919 290 1999 φαίνων
309 1918 346 1982 τὸ
366 1917 519 2004 φάλαρον
533 1915 588 1982 καὶ
607 1918 667 1982 τὸν
682 1916 790 2001 λόφον
804 1926 861 2000 τῆς
877 1920 1049 2002 βασιλικῆς
1062 1917 1178 1999 τιάρας

117 2046 143 2086 ιο
158 2022 213 2089 καὶ
244 2027 509 2109 περικεφαλαίας.
563 2034 832 2109 περιφραστικῶς
864 2021 902 2088 δὲ
932 2025 969 2088 τὸ
1002 2024 1177 2106 βασιλικὸν

93 2201 95 2205 ,
157 2129 282 2216 στέμμα
306 2136 419 2215 φησίν.

229 2260 243 2307 1
264 2252 353 2325 βαλὴν
373 2252 548 2323 vulgoDd.H
563 2285 596 2293 -
616 2253 795 2324 βαρβαρικῶς
814 2250 912 2306 addidi
930 2269 964 2328 ex
978 2252 1003 2306 V
1017 2285 1051 2293 -
1069 2263 1085 2306 2
1103 2253 1177 2307 θοά-

156 2398 217 2446 ριον
229 2379 262 2446 V,
280 2342 442 2447 θουρίοόσΗ
456 2408 490 2418 -
509 2379 574 2446 post
592 2376 752 2432 διάλεκτονε
773 2375 844 2431 ὅθεν
864 2376 912 2431 καὶ
931 2378 1085 2448 βαληυαῖον
1100 2376 1173 2448 όρος,

155 2445 248 2505 όέοτι
267 2447 412 2522 βασιλικόν
435 2448 521 2518 vulgo
551 2480 583 2488 -
612 2448 736 2516 θφησλν
760 2445 791 2502 είι
810 2448 928 2518 ἀρχαῖος
946 2448 997 2502 καί
1032 2452 1127 2504 αοιλεῦ
1148 2448 1173 2501 V

156 2554 188 2562 —
208 2519 280 2591 ἥκου
291 2521 324 2589 Η,
345 2521 441 2575 ίκουν
456 2519 543 2587 vulgo
558 2551 591 2561 -
606 2527 624 2573 4
643 2518 734 2590 ὄχθου
754 2535 807 2575 om.
817 2519 881 2582 Dd.,
900 2517 990 2589 ὄχθου
1035 2551 1069 2572 -.
1083 2518 1173 2590 ἤγουν

155 2610 209 2648 om.
224 2594 310 2661 vulgo
320 2593 345 2645 H
361 2623 393 2632 -
415 2598 429 2646 ‘1
450 2589 591 2660 ἐρυθριῶν
609 2590 729 2660 vulgov
746 2623 778 2631 —
793 2590 843 2645 καί
858 2591 1003 2664 βασιλικὸν
1017 2607 1071 2646 om.
1086 2595 1172 2660 vulgo

155 2697 188 2706 —
209 2663 267 2719 ἔστι
284 2671 354 2732 γοῦν
372 2671 455 2718 τοῦτο
473 2663 493 2716 V
514 2692 547 2704 -
567 2670 583 2716 8
602 2661 825 2731 παράφρασιςΗ
846 2695 876 2703 -
896 2660 1049 2732 πιφάσιιων
1066 2661 1122 2715 VH
1140 2694 1170 2702 -

155 2741 171 2790 9
189 2735 239 2790 τὸν
258 2733 389 2805 φάλαρον
407 2734 492 2804 vulgo
502 2731 589 2788 ΜΗ
607 2764 640 2774 -
661 2731 752 2805 φόβον
767 2735 793 2788 Η
813 2765 845 2775 -
865 2733 963 2802 τιήρας
978 2735 1049 2787 V·-
1072 2739 1105 2788 10
1123 2735 1172 2806 βα-

154 2807 261 2862 σιλικὸν
281 2823 335 2862 om.
353 2804 439 2875 vulgo
458 2837 493 2846 —
513 2810 545 2858 11
566 2807 640 2874 φησί
654 2805 707 2858 Dd.

220 2989 284 3053 667
297 3010 365 3073 sqq.
406 2987 507 3070 βάσκε
538 2986 656 3069 πάτερε
688 2987 791 3070 βάσκε
822 2982 878 3050 καὶ
909 2986 1110 3070 πορεύθητι,
1144 2981 1171 3051 ὦ

152 3100 276 3177 Δαρεῖε
300 3091 459 3175 δέσποτα,
487 3094 575 3170 ὅπως
597 3093 700 3178 κλάῃς
721 3089 777 3158 καὶ
805 3092 950 3177 ἀκούσῃς
976 3090 1032 3156 καί
1060 3092 1171 3178 μάθῃς

151 3201 251 3266 καινά
264 3198 320 3266 καὶ
334 3199 497 3265 ἀλλόκοτα
515 3198 570 3265 καλ
584 3197 644 3265 νέα
660 3201 723 3285 άχη
742 3207 802 3265 τοῦ
821 3197 958 3283 Ξέρξου.
996 3198 1041 3276 ὡς
1059 3199 1169 3288 ἐπῳδῇ

152 3304 189 3374 δὲ
212 3306 367 3392 κέχρηται
389 3315 434 3396 τῷ
459 3307 572 3390 βάσκε
595 3305 697 3391 πάτερ
720 3305 893 3390 Δαρειάν’.

225 3456 238 3503 1
258 3447 381 3518 πορεύου
400 3449 424 3502 V
449 3477 482 3488 -
511 3453 527 3500 3
547 3446 668 3502 ἀλόκοτα
686 3445 744 3499 VH
767 3428 800 3484 -’-
830 3440 877 3500 ἐπὶ
895 3441 955 3518 ᾠδῇ
974 3443 1031 3498 VH
1051 3473 1085 3485 -
1104 3449 1121 3498 4
1139 3462 1169 3498 τε

150 3520 176 3575 H
196 3551 228 3563 —
248 3527 282 3592 τῇ
300 3518 394 3588 vulgo,
411 3523 450 3592 τῷ
470 3517 583 3572 VHDd.
