2628 3892
125 187 194 238 VIII
529 184 739 240 PRAEFATIO.

128 347 241 413 eodem
261 345 436 431 archetypo
456 345 619 431 profectos
639 367 718 410 esse.
755 345 839 411 Vide
863 349 1002 412 stemma
1019 369 1049 432 p.
1063 345 1143 413 XIV

127 454 279 539 positum.

194 562 276 627 Tum
301 560 470 626 dicendum
494 561 556 625 erit
579 560 617 624 de
641 561 847 646 glossematis
871 560 1017 627 codicum
1036 583 1144 626 recen·

128 670 247 735 tiorum
272 667 543 734 interlinearibus.
585 668 674 745 Quae
694 689 733 732 ex
757 667 879 732 eisdem
898 667 1041 750 scholiis,
1064 690 1144 754 quo·

128 798 201 842 rum
230 779 357 860 partem
385 775 548 842 Mediceus
577 775 735 857 continet,
766 775 897 840 fluxisse
925 797 997 840 cum
1027 796 1144 861 cogno·

127 884 221 967 veris,
239 883 404 948 firmatam
416 881 555 947 habebis
574 881 664 946 illam
685 882 723 946 de
742 883 919 969 archetypo
939 883 1144 947 sententiam.

128 990 301 1055 Praeterea
316 989 503 1074 opinionem
512 1011 690 1074 paucorum
699 989 866 1055 hominnm
879 989 1048 1054 doctorum
1060 1010 1146 1056 com-

128 1096 285 1182 probabo,
309 1097 363 1180 qui
387 1096 511 1161 scholia
535 1096 723 1182 Byzantina,
750 1119 832 1182 quae
856 1097 955 1182 vulgo
979 1096 1009 1161 A
1034 1096 1145 1181 appel-

128 1206 249 1288 lantur,
271 1226 337 1269 non
361 1203 532 1270 cMedicei
556 1204 688 1270 scholiis
713 1204 911 1288 amplificata
934 1225 1004 1269 esse
1023 1207 1146 1269 statne-

128 1315 218 1391 runt,
252 1312 307 1390 sed
341 1311 504 1377 continere
536 1315 699 1377 vetustam
731 1311 912 1376 doctrinam
945 1310 1093 1395 quamvis
1126 1331 1146 1374 a

130 1419 310 1484 recentiore
334 1420 557 1505 grammatico,
584 1419 639 1505 qui
663 1419 930 1485 commentarium
953 1418 1022 1483 fere
1044 1417 1146 1483 conti·

130 1549 230 1592 nuum
264 1526 417 1609 confecit,
450 1527 671 1611 depravat-am.
720 1525 922 1610 Byzantinus
955 1525 1042 1590 enim
1071 1546 1147 1608 apo·

131 1634 280 1720 graphon
308 1633 475 1718 archetypi
506 1633 667 1718 adhibuit,
698 1633 784 1718 quod
812 1633 880 1698 eius
909 1631 1034 1698 scholia
1060 1653 1147 1698 oom-

130 1740 345 1825 plectebatur.

200 1844 263 1912 Sed
296 1849 486 1932 priusquam
515 1847 555 1911 ad
579 1869 647 1912 rem
679 1847 881 1932 accedamus,
914 1847 953 1912 de
981 1845 1147 1912 codicibus

131 1955 289 2040 siglisque
313 1954 469 2019 adhibitis
492 1976 597 2039 pauca
619 1953 856 2040 praemittenda
878 1956 964 2020 sunt.

199 2061 248 2126 De
285 2062 394 2128 codice
427 2061 570 2128 Mediceo
604 2061 667 2148 (II)
701 2061 832 2147 eiusque
865 2064 1046 2127 correctore
1079 2058 1149 2145 (m)

131 2169 205 2234 ride
229 2169 303 2234 edit.
326 2169 451 2234 Weckl.
474 2195 504 2255 p.
523 2170 613 2235 XIV.

199 2275 246 2340 V:
274 2277 343 2342 cod.
365 2276 630 2342 Vindobonensis
662 2277 722 2340 197
752 2275 956 2358 chartaceus,
987 2275 1052 2340 fine
1080 2296 1148 2338 sae-

135 2382 199 2448 culi
221 2380 300 2446 XIV
324 2383 376 2446 vel
403 2383 499 2448 inilio
521 2382 583 2447 XV
608 2383 749 2467 scriptus
769 2419 811 2430 -
831 2383 869 2446 de
893 2386 1038 2466 tempore
1061 2380 1150 2446 infra

137 2490 321 2555 accuratius
355 2489 478 2555 dicetur
503 2527 558 2570 —,
590 2490 758 2555 continens
786 2488 952 2574 Euripidis
979 2487 1150 2554 Hecubam

134 2596 284 2663 Orestam
309 2595 505 2662 Phoenissas
529 2601 563 2662 et
585 2597 741 2682 Aeschyli
763 2596 992 2661 Prometheum
1016 2593 1148 2679 Septem

136 2704 261 2772 Persas.
299 2704 388 2781 Quae
405 2703 561 2789 Aeschyli
580 2704 765 2790 tragoedias
786 2703 917 2768 exhibet
935 2725 1011 2787 pars
1031 2726 1052 2768 a
1068 2702 1150 2766 folio

137 2812 201 2877 112
220 2809 322 2898 usqne
342 2811 383 2877 ad
401 2811 500 2876 finem
515 2812 683 2896 pertinens
702 2833 722 2874 a
736 2811 844 2895 priore
863 2810 971 2875 differt
985 2813 1019 2874 et
1037 2809 1152 2874 charta

137 2925 171 2984 et
185 2921 354 3005 scriptura,
372 2923 411 2984 ut
425 2923 596 3004 utramque
613 2918 788 3004 separatim
804 2918 1021 3002 conscriptam
1036 2919 1152 3000 postea

136 3029 171 3093 in
204 3050 303 3093 unum
338 3029 456 3093 librum
494 3028 700 3092 coniunctam
740 3047 810 3090 esse
844 3027 1007 3109 appareat.
1061 3022 1152 3086 Idem

137 3119 245 3200 autem
269 3134 423 3200 librarius
442 3134 596 3218 Aeschyli
616 3133 802 3198 fabularum
825 3135 950 3197 textum
974 3136 1007 3195 et
1030 3131 1152 3215 glosse-

138 3229 228 3312 mata
250 3241 474 3330 interlinearia
493 3246 526 3306 et
545 3241 669 3306 scholia
683 3239 723 3322 A,
746 3239 881 3324 quaein
899 3237 1047 3323 margine
1067 3239 1154 3320 sunt,

138 3353 292 3420 exaravit.
339 3346 510 3432 Scriptura
538 3351 588 3412 est
614 3346 845 3431 pulcherrima,
874 3346 928 3410 sed
953 3344 1154 3430 glossemata

138 3461 237 3526 rubro
269 3457 359 3542 picta
384 3455 511 3538 pallore
544 3452 718 3519 admodum
752 3452 876 3534 affecta,
907 3471 1153 3534 nonnumquam

139 3569 206 3634 fere
235 3561 372 3652 eyanida
401 3565 486 3625 sunt.
531 3560 570 3625 In
592 3559 766 3624 Persarum
793 3557 924 3622 fabulae
951 3561 1041 3622 textu
1072 3556 1156 3620 duae

322 3772 429 3830 A
