<?xml version="1.0" encoding="UTF-8"?>
<!DOCTYPE html PUBLIC "-//W3C//DTD XHTML 1.0 Transitional//EN"
    "http://www.w3.org/TR/xhtml1/DTD/xhtml1-transitional.dtd">
<html xmlns="http://www.w3.org/1999/xhtml" xml:lang="en" lang="en">
 <head>
  <title>
</title>
<meta http-equiv="Content-Type" content="text/html;charset=utf-8" />
  <meta name='ocr-system' content='tesseract 3.04.00' />
  <meta name='ocr-capabilities' content='ocr_page ocr_carea ocr_par ocr_line ocrx_word'/>
</head>
<body>
  <div class='ocr_page' id='page_1' title='image "./scholiainaeschy00dhgoog_0105.png"; bbox 0 0 2632 3878; ppageno 0'>
   <div class='ocr_carea' id='block_1_1' title="bbox 147 163 738 233">
    <p class='ocr_par' dir='ltr' id='par_1_1' title="bbox 147 163 738 233">
     <span class='ocr_line' id='line_1_1' title="bbox 147 163 738 233; baseline 0 -16"><span class='ocrx_word' id='word_1_1' title='bbox 147 163 193 233; x_wconf 71' lang='lat'><strong><em>68</em></strong></span> <span class='ocrx_word' id='word_1_2' title='bbox 581 166 738 218; x_wconf 76' lang='lat' dir='ltr'><strong>scnomA</strong></span> 
     </span>
    </p>
   </div>
   <div class='ocr_carea' id='block_1_2' title="bbox 189 290 1166 410">
    <p class='ocr_par' dir='ltr' id='par_1_2' title="bbox 189 290 1166 410">
     <span class='ocr_line' id='line_1_2' title="bbox 189 290 1166 410; baseline 0 -18"><span class='ocrx_word' id='word_1_3' title='bbox 189 290 190 294; x_wconf 7' lang='grc' dir='ltr'><strong>Ἰ</strong></span> <span class='ocrx_word' id='word_1_4' title='bbox 219 328 281 392; x_wconf 89' lang='grc'><strong><em>191</em></strong></span> <span class='ocrx_word' id='word_1_5' title='bbox 329 327 435 392; x_wconf 91' lang='grc' dir='ltr'><strong><em>τούτω</em></strong></span> <span class='ocrx_word' id='word_1_6' title='bbox 472 327 590 392; x_wconf 78' lang='grc' dir='ltr'><strong><em>στάσιν</em></strong></span> <span class='ocrx_word' id='word_1_7' title='bbox 625 320 689 391; x_wconf 88' lang='grc' dir='ltr'><strong><em>τιν’</em></strong></span> <span class='ocrx_word' id='word_1_8' title='bbox 725 326 770 403; x_wconf 81' lang='grc' dir='ltr'><strong><em>ὡς</em></strong></span> <span class='ocrx_word' id='word_1_9' title='bbox 802 327 866 410; x_wconf 85' lang='grc' dir='ltr'><strong><em>ἐγὼ</em></strong></span> <span class='ocrx_word' id='word_1_10' title='bbox 897 322 1034 394; x_wconf 88' lang='grc' dir='ltr'><strong><em>’δόκουν</em></strong></span> <span class='ocrx_word' id='word_1_11' title='bbox 1068 326 1166 409; x_wconf 74' lang='grc' dir='ltr'><strong><em>δρᾶνε</em></strong></span> 
     </span>
    </p>
   </div>
   <div class='ocr_carea' id='block_1_3' title="bbox 110 431 1168 1689">
    <p class='ocr_par' dir='ltr' id='par_1_3' title="bbox 110 431 1168 1689">
     <span class='ocr_line' id='line_1_3' title="bbox 148 431 1167 518; baseline 0 -20"><span class='ocrx_word' id='word_1_12' title='bbox 148 435 271 516; x_wconf 89' lang='grc' dir='ltr'><strong><em>τούτω,</em></strong></span> <span class='ocrx_word' id='word_1_13' title='bbox 296 437 395 518; x_wconf 78' lang='grc' dir='ltr'><strong><em>φησί,</em></strong></span> <span class='ocrx_word' id='word_1_14' title='bbox 418 435 464 498; x_wconf 84' lang='grc' dir='ltr'><strong><em>τὼ</em></strong></span> <span class='ocrx_word' id='word_1_15' title='bbox 487 444 641 517; x_wconf 88' lang='grc' dir='ltr'><strong><em>γυναῖκε,</em></strong></span> <span class='ocrx_word' id='word_1_16' title='bbox 668 431 864 517; x_wconf 83' lang='grc' dir='ltr'><strong><em>τήνἈσίαν</em></strong></span> <span class='ocrx_word' id='word_1_17' title='bbox 887 432 942 499; x_wconf 81' lang='grc' dir='ltr'><strong><em>καὶ</em></strong></span> <span class='ocrx_word' id='word_1_18' title='bbox 965 435 1027 518; x_wconf 91' lang='grc' dir='ltr'><strong><em>τήν</em></strong></span> <span class='ocrx_word' id='word_1_19' title='bbox 1049 434 1167 516; x_wconf 85' lang='grc' dir='ltr'><strong><em>Εὐρύ-</em></strong></span> 
     </span>
     <span class='ocr_line' id='line_1_4' title="bbox 148 537 1166 625; baseline -0.001 -20"><span class='ocrx_word' id='word_1_20' title='bbox 148 562 227 625; x_wconf 87' lang='grc' dir='ltr'><strong><em>πην,</em></strong></span> <span class='ocrx_word' id='word_1_21' title='bbox 251 542 327 605; x_wconf 95' lang='grc' dir='ltr'><strong><em>λίαν</em></strong></span> <span class='ocrx_word' id='word_1_22' title='bbox 352 539 416 624; x_wconf 84' lang='grc' dir='ltr'><strong><em>ἐγὼ</em></strong></span> <span class='ocrx_word' id='word_1_23' title='bbox 441 538 582 605; x_wconf 79' lang='grc' dir='ltr'><strong><em>ἐδόκουν</em></strong></span> <span class='ocrx_word' id='word_1_24' title='bbox 606 539 690 624; x_wconf 84' lang='grc' dir='ltr'><strong><em>δρᾶν</em></strong></span> <span class='ocrx_word' id='word_1_25' title='bbox 713 541 830 605; x_wconf 81' lang='grc' dir='ltr'><strong><em>στάσιν</em></strong></span> <span class='ocrx_word' id='word_1_26' title='bbox 854 537 1001 605; x_wconf 80' lang='grc' dir='ltr'><strong><em>τινὰκαὶ</em></strong></span> <span class='ocrx_word' id='word_1_27' title='bbox 1021 545 1166 624; x_wconf 83' lang='grc' dir='ltr'><strong><em>φιλονει-</em></strong></span> 
     </span>
     <span class='ocr_line' id='line_1_5' title="bbox 148 643 1168 731; baseline 0 -19"><span class='ocrx_word' id='word_1_28' title='bbox 148 651 226 712; x_wconf 88' lang='grc' dir='ltr'><strong><em>κίαν</em></strong></span> <span class='ocrx_word' id='word_1_29' title='bbox 248 649 379 731; x_wconf 81' lang='grc' dir='ltr'><strong><em>τεύχειν</em></strong></span> <span class='ocrx_word' id='word_1_30' title='bbox 398 643 454 711; x_wconf 77' lang='grc' dir='ltr'><strong><em>καί</em></strong></span> <span class='ocrx_word' id='word_1_31' title='bbox 472 646 726 724; x_wconf 81' lang='grc' dir='ltr'><strong><em>κατασκευάζειν</em></strong></span> <span class='ocrx_word' id='word_1_32' title='bbox 744 645 800 711; x_wconf 81' lang='grc' dir='ltr'><strong><em>καὶ</em></strong></span> <span class='ocrx_word' id='word_1_33' title='bbox 817 658 928 712; x_wconf 80' lang='grc' dir='ltr'><strong><em>ποιεῖν</em></strong></span> <span class='ocrx_word' id='word_1_34' title='bbox 947 646 984 712; x_wconf 92' lang='grc' dir='ltr'><strong><em>ἐν</em></strong></span> <span class='ocrx_word' id='word_1_35' title='bbox 1002 647 1168 730; x_wconf 85' lang='grc' dir='ltr'><strong><em>ἀλλήλαις.</em></strong></span> 
     </span>
     <span class='ocr_line' id='line_1_6' title="bbox 123 751 1168 838; baseline 0 -20"><span class='ocrx_word' id='word_1_36' title='bbox 123 764 226 830; x_wconf 81' lang='grc' dir='ltr'><strong><em>επαῖς</em></strong></span> <span class='ocrx_word' id='word_1_37' title='bbox 257 751 294 818; x_wconf 78' lang='grc' dir='ltr'><strong><em>δὲ</em></strong></span> <span class='ocrx_word' id='word_1_38' title='bbox 322 753 340 819; x_wconf 85' lang='grc' dir='ltr'>ὁ</span> <span class='ocrx_word' id='word_1_39' title='bbox 371 752 448 838; x_wconf 88' lang='grc' dir='ltr'><strong><em>ἐμὸς</em></strong></span> <span class='ocrx_word' id='word_1_40' title='bbox 475 754 596 837; x_wconf 85' lang='grc' dir='ltr'><strong><em>μαθὼν</em></strong></span> <span class='ocrx_word' id='word_1_41' title='bbox 624 754 862 831; x_wconf 77' lang='grc' dir='ltr'><strong><em>στασιαζούσας</em></strong></span> <span class='ocrx_word' id='word_1_42' title='bbox 891 755 1012 830; x_wconf 86' lang='grc' dir='ltr'><strong><em>ταύτας</em></strong></span> <span class='ocrx_word' id='word_1_43' title='bbox 1039 763 1168 837; x_wconf 86' lang='grc' dir='ltr'><strong><em>κατεῖχε</em></strong></span> 
     </span>
     <span class='ocr_line' id='line_1_7' title="bbox 148 857 1168 946; baseline -0.002 -20"><span class='ocrx_word' id='word_1_44' title='bbox 148 857 204 926; x_wconf 86' lang='grc' dir='ltr'><strong><em>καὶ</em></strong></span> <span class='ocrx_word' id='word_1_45' title='bbox 228 859 372 946; x_wconf 81' lang='grc' dir='ltr'><strong><em>ἐπράϋνε</em></strong></span> <span class='ocrx_word' id='word_1_46' title='bbox 400 857 455 925; x_wconf 86' lang='grc' dir='ltr'><strong><em>καὶ</em></strong></span> <span class='ocrx_word' id='word_1_47' title='bbox 481 858 607 945; x_wconf 78' lang='grc' dir='ltr'><strong><em>ἡμέρου</em></strong></span> <span class='ocrx_word' id='word_1_48' title='bbox 636 860 745 937; x_wconf 87' lang='grc' dir='ltr'><strong><em>αὐτάς.</em></strong></span> <span class='ocrx_word' id='word_1_49' title='bbox 791 862 893 943; x_wconf 90' lang='grc' dir='ltr'><strong><em>ήθελε</em></strong></span> <span class='ocrx_word' id='word_1_50' title='bbox 916 862 979 943; x_wconf 85' lang='grc' dir='ltr'><strong><em>γάρ</em></strong></span> <span class='ocrx_word' id='word_1_51' title='bbox 1003 859 1021 924; x_wconf 89' lang='grc' dir='ltr'><strong><em>δ</em></strong></span> <span class='ocrx_word' id='word_1_52' title='bbox 1044 858 1168 944; x_wconf 78' lang='grc' dir='ltr'><strong><em>Ξέρξης</em></strong></span> 
     </span>
     <span class='ocr_line' id='line_1_8' title="bbox 149 964 1166 1052; baseline -0.002 -21"><span class='ocrx_word' id='word_1_53' title='bbox 149 969 196 1043; x_wconf 86' lang='grc' dir='ltr'><strong><em>είς</em></strong></span> <span class='ocrx_word' id='word_1_54' title='bbox 224 967 261 1032; x_wconf 78' lang='grc' dir='ltr'><strong><em>ἓν</em></strong></span> <span class='ocrx_word' id='word_1_55' title='bbox 291 966 427 1050; x_wconf 75' lang='grc' dir='ltr'><strong><em>ἀγαγεῖν</em></strong></span> <span class='ocrx_word' id='word_1_56' title='bbox 454 966 574 1050; x_wconf 89' lang='grc' dir='ltr'><strong><em>κράτος</em></strong></span> <span class='ocrx_word' id='word_1_57' title='bbox 604 967 665 1050; x_wconf 87' lang='grc' dir='ltr'><strong><em>τήν</em></strong></span> <span class='ocrx_word' id='word_1_58' title='bbox 688 966 857 1052; x_wconf 83' lang='grc' dir='ltr'><strong><em>Εὐρώπην</em></strong></span> <span class='ocrx_word' id='word_1_59' title='bbox 886 965 940 1032; x_wconf 89' lang='grc' dir='ltr'><strong><em>καὶ</em></strong></span> <span class='ocrx_word' id='word_1_60' title='bbox 963 969 1024 1050; x_wconf 91' lang='grc' dir='ltr'><strong><em>τήν</em></strong></span> <span class='ocrx_word' id='word_1_61' title='bbox 1044 964 1166 1030; x_wconf 80' lang='grc' dir='ltr'><strong><em>Ἀσίαν</em></strong></span> 
     </span>
     <span class='ocr_line' id='line_1_9' title="bbox 149 1067 1168 1158; baseline -0.001 -21"><span class='ocrx_word' id='word_1_62' title='bbox 149 1073 215 1138; x_wconf 86' lang='grc' dir='ltr'><strong><em>ὑπὸ</em></strong></span> <span class='ocrx_word' id='word_1_63' title='bbox 243 1072 368 1157; x_wconf 75' lang='grc' dir='ltr'><strong><em>δέρμασι</em></strong></span> <span class='ocrx_word' id='word_1_64' title='bbox 396 1067 433 1136; x_wconf 73' lang='grc' dir='ltr'><strong><em>δέ</em></strong></span> <span class='ocrx_word' id='word_1_65' title='bbox 458 1072 634 1155; x_wconf 84' lang='grc' dir='ltr'><strong><em>ζεύγνυσιν</em></strong></span> <span class='ocrx_word' id='word_1_66' title='bbox 661 1073 750 1136; x_wconf 83' lang='grc' dir='ltr'><strong><em>αὐτὼ</em></strong></span> <span class='ocrx_word' id='word_1_67' title='bbox 779 1070 869 1156; x_wconf 74' lang='grc' dir='ltr'><strong><em>(ἀντὶ</em></strong></span> <span class='ocrx_word' id='word_1_68' title='bbox 891 1081 952 1137; x_wconf 85' lang='grc' dir='ltr'><strong><em>τοῦ</em></strong></span> <span class='ocrx_word' id='word_1_69' title='bbox 974 1071 1089 1158; x_wconf 86' lang='grc' dir='ltr'><strong><em>αὐτάς)</em></strong></span> <span class='ocrx_word' id='word_1_70' title='bbox 1113 1070 1168 1137; x_wconf 81' lang='grc' dir='ltr'><strong><em>καὶ</em></strong></span> 
     </span>
     <span class='ocr_line' id='line_1_10' title="bbox 150 1175 1167 1262; baseline 0 -19"><span class='ocrx_word' id='word_1_71' title='bbox 150 1177 298 1244; x_wconf 77' lang='grc' dir='ltr'><strong><em>λέπαδνα</em></strong></span> <span class='ocrx_word' id='word_1_72' title='bbox 312 1178 387 1261; x_wconf 88' lang='grc' dir='ltr'><strong><em>ήτοι</em></strong></span> <span class='ocrx_word' id='word_1_73' title='bbox 401 1180 571 1262; x_wconf 79' lang='grc' dir='ltr'><strong><em>ζυγόλωρα</em></strong></span> <span class='ocrx_word' id='word_1_74' title='bbox 580 1181 718 1261; x_wconf 91' lang='grc' dir='ltr'><strong><em>τίθησιν</em></strong></span> <span class='ocrx_word' id='word_1_75' title='bbox 732 1175 785 1243; x_wconf 81' lang='grc' dir='ltr'><strong><em>ἐπὶ</em></strong></span> <span class='ocrx_word' id='word_1_76' title='bbox 799 1189 867 1242; x_wconf 84' lang='grc' dir='ltr'><strong><em>τῶν</em></strong></span> <span class='ocrx_word' id='word_1_77' title='bbox 881 1176 1033 1262; x_wconf 82' lang='grc' dir='ltr'><strong><em>αὐχένων</em></strong></span> <span class='ocrx_word' id='word_1_78' title='bbox 1046 1178 1167 1243; x_wconf 85' lang='grc' dir='ltr'><strong><em>αὐτῶν.</em></strong></span> 
     </span>
     <span class='ocr_line' id='line_1_11' title="bbox 110 1280 1168 1370; baseline 0.002 -22"><span class='ocrx_word' id='word_1_79' title='bbox 110 1308 136 1348; x_wconf 90' lang='lat'><strong><em>10</em></strong></span> <span class='ocrx_word' id='word_1_80' title='bbox 151 1283 299 1351; x_wconf 88' lang='grc' dir='ltr'><strong><em>λέπαδνα</em></strong></span> <span class='ocrx_word' id='word_1_81' title='bbox 324 1280 360 1350; x_wconf 74' lang='grc' dir='ltr'><strong><em>δὲ</em></strong></span> <span class='ocrx_word' id='word_1_82' title='bbox 383 1286 507 1370; x_wconf 89' lang='grc' dir='ltr'><strong><em>κυρίως</em></strong></span> <span class='ocrx_word' id='word_1_83' title='bbox 531 1285 566 1348; x_wconf 89' lang='grc' dir='ltr'><strong><em>οί</em></strong></span> <span class='ocrx_word' id='word_1_84' title='bbox 585 1281 661 1369; x_wconf 86' lang='grc' dir='ltr'><strong><em>περὶ</em></strong></span> <span class='ocrx_word' id='word_1_85' title='bbox 684 1284 724 1348; x_wconf 84' lang='grc' dir='ltr'><strong><em>τά</em></strong></span> <span class='ocrx_word' id='word_1_86' title='bbox 747 1287 855 1368; x_wconf 80' lang='grc' dir='ltr'><strong><em>στήθη</em></strong></span> <span class='ocrx_word' id='word_1_87' title='bbox 874 1289 1008 1361; x_wconf 77' lang='grc' dir='ltr'><strong><em>πλατεῖς</em></strong></span> <span class='ocrx_word' id='word_1_88' title='bbox 1027 1285 1168 1370; x_wconf 76' lang='grc' dir='ltr'><strong><em>ἱμάντες,</em></strong></span> 
     </span>
     <span class='ocr_line' id='line_1_12' title="bbox 151 1385 1167 1476; baseline -0.001 -19"><span class='ocrx_word' id='word_1_89' title='bbox 151 1385 201 1468; x_wconf 85' lang='grc' dir='ltr'><strong><em>οἷς</em></strong></span> <span class='ocrx_word' id='word_1_90' title='bbox 234 1392 501 1476; x_wconf 86' lang='grc' dir='ltr'><strong><em>άναδεσμοῦνται</em></strong></span> <span class='ocrx_word' id='word_1_91' title='bbox 529 1391 564 1456; x_wconf 91' lang='grc' dir='ltr'><strong><em>οί</em></strong></span> <span class='ocrx_word' id='word_1_92' title='bbox 589 1391 748 1474; x_wconf 86' lang='grc' dir='ltr'><strong><em>τράχηλοι</em></strong></span> <span class='ocrx_word' id='word_1_93' title='bbox 775 1402 842 1456; x_wconf 82' lang='grc' dir='ltr'><strong><em>τῶν</em></strong></span> <span class='ocrx_word' id='word_1_94' title='bbox 870 1392 980 1456; x_wconf 76' lang='grc' dir='ltr'><strong><em>ἵππων</em></strong></span> <span class='ocrx_word' id='word_1_95' title='bbox 1003 1394 1085 1474; x_wconf 82' lang='grc' dir='ltr'><strong><em>πρὸς</em></strong></span> <span class='ocrx_word' id='word_1_96' title='bbox 1107 1393 1167 1457; x_wconf 86' lang='grc' dir='ltr'><strong><em>τὸν</em></strong></span> 
     </span>
     <span class='ocr_line' id='line_1_13' title="bbox 151 1494 1167 1582; baseline -0.001 -18"><span class='ocrx_word' id='word_1_97' title='bbox 151 1501 261 1582; x_wconf 81' lang='grc' dir='ltr'><strong><em>ζυγόν.</em></strong></span> <span class='ocrx_word' id='word_1_98' title='bbox 308 1497 555 1582; x_wconf 89' lang='grc' dir='ltr'><strong><em>ἐτυμολογεῖται</em></strong></span> <span class='ocrx_word' id='word_1_99' title='bbox 588 1494 625 1562; x_wconf 74' lang='grc' dir='ltr'><strong><em>δὲ</em></strong></span> <span class='ocrx_word' id='word_1_100' title='bbox 658 1497 722 1562; x_wconf 83' lang='grc' dir='ltr'><strong><em>άπὸ</em></strong></span> <span class='ocrx_word' id='word_1_101' title='bbox 754 1506 815 1562; x_wconf 88' lang='grc' dir='ltr'><strong><em>τοῦ</em></strong></span> <span class='ocrx_word' id='word_1_102' title='bbox 847 1495 934 1562; x_wconf 76' lang='grc' dir='ltr'><strong><em>λίπω</em></strong></span> <span class='ocrx_word' id='word_1_103' title='bbox 967 1500 1003 1562; x_wconf 90' lang='grc' dir='ltr'><strong><em>τὸ</em></strong></span> <span class='ocrx_word' id='word_1_104' title='bbox 1037 1501 1167 1580; x_wconf 77' lang='grc' dir='ltr'><strong><em>λεπίζω,</em></strong></span> 
     </span>
     <span class='ocr_line' id='line_1_14' title="bbox 150 1600 1168 1689; baseline 0 -20"><span class='ocrx_word' id='word_1_105' title='bbox 150 1603 295 1670; x_wconf 90' lang='grc' dir='ltr'><strong><em>λέπανον</em></strong></span> <span class='ocrx_word' id='word_1_106' title='bbox 318 1603 374 1669; x_wconf 83' lang='grc' dir='ltr'><strong><em>καὶ</em></strong></span> <span class='ocrx_word' id='word_1_107' title='bbox 393 1603 567 1669; x_wconf 87' lang='grc' dir='ltr'><strong><em>λέπαδνον.</em></strong></span> <span class='ocrx_word' id='word_1_108' title='bbox 610 1600 705 1682; x_wconf 74' lang='grc' dir='ltr'><strong><em>τινὲς</em></strong></span> <span class='ocrx_word' id='word_1_109' title='bbox 722 1600 759 1668; x_wconf 73' lang='grc' dir='ltr'><strong><em>δὲ</em></strong></span> <span class='ocrx_word' id='word_1_110' title='bbox 782 1603 930 1669; x_wconf 86' lang='grc' dir='ltr'><strong><em>λέπαδνα</em></strong></span> <span class='ocrx_word' id='word_1_111' title='bbox 948 1607 1026 1682; x_wconf 86' lang='grc' dir='ltr'><strong><em>τοὺς</em></strong></span> <span class='ocrx_word' id='word_1_112' title='bbox 1044 1621 1168 1689; x_wconf 89' lang='grc' dir='ltr'><strong><em>μασχα-</em></strong></span> 
     </span>
    </p>
   </div>
   <div class='ocr_carea' id='block_1_4' title="bbox 150 1707 1167 1797">
    <p class='ocr_par' dir='ltr' id='par_1_4' title="bbox 150 1707 1167 1797">
     <span class='ocr_line' id='line_1_15' title="bbox 150 1707 1167 1797; baseline 0.001 -21"><span class='ocrx_word' id='word_1_113' title='bbox 150 1712 308 1797; x_wconf 84' lang='grc' dir='ltr'><strong><em>λιστήράς</em></strong></span> <span class='ocrx_word' id='word_1_114' title='bbox 332 1726 422 1794; x_wconf 86' lang='grc' dir='ltr'><strong><em>φασι.</em></strong></span> <span class='ocrx_word' id='word_1_115' title='bbox 465 1707 733 1797; x_wconf 84' lang='lat' dir='ltr'>vulgoP(Dd.)V</span> <span class='ocrx_word' id='word_1_116' title='bbox 742 1709 784 1774; x_wconf 90' lang='lat' dir='ltr'><strong><em>H.</em></strong></span> <span class='ocrx_word' id='word_1_117' title='bbox 827 1710 875 1776; x_wconf 90' lang='lat' dir='ltr'><strong><em>De</em></strong></span> <span class='ocrx_word' id='word_1_118' title='bbox 895 1712 964 1777; x_wconf 82' lang='lat' dir='ltr'><strong>cod.</strong></span> <span class='ocrx_word' id='word_1_119' title='bbox 983 1710 1010 1776; x_wconf 91' lang='grc' dir='ltr'>Ο</span> <span class='ocrx_word' id='word_1_120' title='bbox 1030 1711 1093 1776; x_wconf 84' lang='lat' dir='ltr'><strong>vid.</strong></span> <span class='ocrx_word' id='word_1_121' title='bbox 1112 1713 1132 1776; x_wconf 91' lang='lat' dir='ltr'><strong><em>l.</em></strong></span> <span class='ocrx_word' id='word_1_122' title='bbox 1149 1713 1167 1777; x_wconf 84' lang='grc' dir='ltr'><strong><em>Ι.</em></strong></span> 
     </span>
    </p>
   </div>
   <div class='ocr_carea' id='block_1_5' title="bbox 150 1866 1169 2564">
    <p class='ocr_par' dir='ltr' id='par_1_5' title="bbox 150 1866 1169 2564">
     <span class='ocr_line' id='line_1_16' title="bbox 223 1866 1168 1938; baseline 0.002 -17"><span class='ocrx_word' id='word_1_123' title='bbox 223 1873 238 1921; x_wconf 79' lang='lat'><strong>2</strong></span> <span class='ocrx_word' id='word_1_124' title='bbox 258 1868 346 1922; x_wconf 89' lang='grc' dir='ltr'><strong><em>τούτω</em></strong></span> <span class='ocrx_word' id='word_1_125' title='bbox 362 1885 415 1922; x_wconf 91' lang='lat' dir='ltr'><strong><em>om.</em></strong></span> <span class='ocrx_word' id='word_1_126' title='bbox 426 1868 459 1936; x_wconf 90' lang='lat' dir='ltr'><strong><em>V,</em></strong></span> <span class='ocrx_word' id='word_1_127' title='bbox 473 1875 555 1922; x_wconf 83' lang='grc' dir='ltr'><strong><em>τοῦτο</em></strong></span> <span class='ocrx_word' id='word_1_128' title='bbox 569 1867 595 1919; x_wconf 93' lang='grc' dir='ltr'>Η</span> <span class='ocrx_word' id='word_1_129' title='bbox 615 1899 646 1906; x_wconf 95' lang='grc'>-</span> <span class='ocrx_word' id='word_1_130' title='bbox 668 1873 683 1920; x_wconf 89' lang='grc'>3</span> <span class='ocrx_word' id='word_1_131' title='bbox 698 1887 727 1922; x_wconf 88' lang='grc' dir='ltr'><strong><em>τε</em></strong></span> <span class='ocrx_word' id='word_1_132' title='bbox 741 1885 792 1937; x_wconf 88' lang='lat' dir='ltr'><strong><em>pro</em></strong></span> <span class='ocrx_word' id='word_1_133' title='bbox 807 1866 872 1923; x_wconf 83' lang='grc' dir='ltr'><strong><em>τινὰ</em></strong></span> <span class='ocrx_word' id='word_1_134' title='bbox 885 1868 911 1921; x_wconf 92' lang='grc' dir='ltr'>Η</span> <span class='ocrx_word' id='word_1_135' title='bbox 926 1899 959 1908; x_wconf 90' lang='grc'>-</span> <span class='ocrx_word' id='word_1_136' title='bbox 979 1868 1028 1922; x_wconf 77' lang='grc' dir='ltr'><strong><em>καί</em></strong></span> <span class='ocrx_word' id='word_1_137' title='bbox 1043 1866 1102 1938; x_wconf 82' lang='grc' dir='ltr'><strong><em>ἔριν</em></strong></span> <span class='ocrx_word' id='word_1_138' title='bbox 1118 1885 1168 1938; x_wconf 85' lang='lat' dir='ltr'><strong><em>pro</em></strong></span> 
     </span>
     <span class='ocr_line' id='line_1_17' title="bbox 151 1935 1167 2010; baseline -0.001 -17"><span class='ocrx_word' id='word_1_139' title='bbox 151 1939 201 1994; x_wconf 78' lang='grc' dir='ltr'><strong><em>καί</em></strong></span> <span class='ocrx_word' id='word_1_140' title='bbox 228 1939 415 2009; x_wconf 62' lang='grc' dir='ltr'><strong><em>φιλονεικί</em></strong></span> <span class='ocrx_word' id='word_1_141' title='bbox 440 1970 471 1978; x_wconf 94' lang='grc'><strong>-</strong></span> <span class='ocrx_word' id='word_1_142' title='bbox 505 1937 655 2008; x_wconf 84' lang='grc' dir='ltr'><strong><em>4τεύχειν</em></strong></span> <span class='ocrx_word' id='word_1_143' title='bbox 677 1958 707 1993; x_wconf 84' lang='grc' dir='ltr'><strong><em>τε</em></strong></span> <span class='ocrx_word' id='word_1_144' title='bbox 731 1939 781 1992; x_wconf 83' lang='grc' dir='ltr'><strong><em>κοιλ</em></strong></span> <span class='ocrx_word' id='word_1_145' title='bbox 798 1939 825 1992; x_wconf 92' lang='lat' dir='ltr'>H</span> <span class='ocrx_word' id='word_1_146' title='bbox 859 1971 890 1978; x_wconf 95' lang='lat'><strong>—</strong></span> <span class='ocrx_word' id='word_1_147' title='bbox 923 1937 986 1994; x_wconf 79' lang='grc' dir='ltr'><strong><em>ὁδ’</em></strong></span> <span class='ocrx_word' id='word_1_148' title='bbox 1005 1935 1070 2010; x_wconf 85' lang='grc' dir='ltr'><strong><em>ἐμὸς</em></strong></span> <span class='ocrx_word' id='word_1_149' title='bbox 1090 1941 1112 1992; x_wconf 94' lang='lat' dir='ltr'>V</span> <span class='ocrx_word' id='word_1_150' title='bbox 1134 1971 1167 1980; x_wconf 90' lang='lat'>-</span> 
     </span>
     <span class='ocr_line' id='line_1_18' title="bbox 151 2005 1169 2082; baseline 0.001 -17"><span class='ocrx_word' id='word_1_151' title='bbox 151 2012 250 2066; x_wconf 82' lang='grc' dir='ltr'><strong><em>λαθὼν</em></strong></span> <span class='ocrx_word' id='word_1_152' title='bbox 269 2010 295 2063; x_wconf 88' lang='grc' dir='ltr'><strong><em>Η</em></strong></span> <span class='ocrx_word' id='word_1_153' title='bbox 314 2043 347 2051; x_wconf 87' lang='lat'><strong><em>-—</em></strong></span> <span class='ocrx_word' id='word_1_154' title='bbox 367 2016 463 2065; x_wconf 85' lang='grc' dir='ltr'><strong><em>κατεῖν</em></strong></span> <span class='ocrx_word' id='word_1_155' title='bbox 483 2005 606 2079; x_wconf 76' lang='grc' dir='ltr'><strong><em>ἐπράυνε</em></strong></span> <span class='ocrx_word' id='word_1_156' title='bbox 625 2009 651 2062; x_wconf 94' lang='grc' dir='ltr'>Η</span> <span class='ocrx_word' id='word_1_157' title='bbox 671 2041 703 2049; x_wconf 94' lang='grc'>-</span> <span class='ocrx_word' id='word_1_158' title='bbox 725 2017 740 2065; x_wconf 83' lang='grc' dir='ltr'><strong><em>’ῖ</em></strong></span> <span class='ocrx_word' id='word_1_159' title='bbox 759 2009 808 2064; x_wconf 81' lang='grc' dir='ltr'><strong><em>καλ</em></strong></span> <span class='ocrx_word' id='word_1_160' title='bbox 823 2008 954 2065; x_wconf 83' lang='grc' dir='ltr'><strong><em>ἈσίανΗ</em></strong></span> <span class='ocrx_word' id='word_1_161' title='bbox 976 2043 1006 2050; x_wconf 93' lang='grc'><strong>-</strong></span> <span class='ocrx_word' id='word_1_162' title='bbox 1028 2017 1044 2066; x_wconf 89' lang='grc'>8</span> <span class='ocrx_word' id='word_1_163' title='bbox 1063 2010 1169 2082; x_wconf 79' lang='grc' dir='ltr'><strong><em>ἅρμασι</em></strong></span> 
     </span>
     <span class='ocr_line' id='line_1_19' title="bbox 152 2080 1166 2172; baseline -0.001 -35"><span class='ocrx_word' id='word_1_164' title='bbox 152 2082 324 2172; x_wconf 76' lang='grc' dir='ltr'><strong><em>ζεύγνυσθαι</em></strong></span> <span class='ocrx_word' id='word_1_165' title='bbox 339 2081 426 2144; x_wconf 83' lang='grc' dir='ltr'><strong><em>αὐτάς</em></strong></span> <span class='ocrx_word' id='word_1_166' title='bbox 439 2080 489 2135; x_wconf 84' lang='grc' dir='ltr'><strong><em>καλ</em></strong></span> <span class='ocrx_word' id='word_1_167' title='bbox 505 2083 586 2150; x_wconf 80' lang='grc' dir='ltr'><strong><em>ζυγοτ</em></strong></span> <span class='ocrx_word' id='word_1_168' title='bbox 600 2098 664 2135; x_wconf 82' lang='lat' dir='ltr'><strong><em>cum</em></strong></span> <span class='ocrx_word' id='word_1_169' title='bbox 679 2083 845 2149; x_wconf 82' lang='lat' dir='ltr'>compendio</span> <span class='ocrx_word' id='word_1_170' title='bbox 860 2081 937 2149; x_wconf 87' lang='lat' dir='ltr'>quod</span> <span class='ocrx_word' id='word_1_171' title='bbox 951 2101 988 2145; x_wconf 88' lang='grc' dir='ltr'><strong><em>ως</em></strong></span> <span class='ocrx_word' id='word_1_172' title='bbox 1002 2081 1166 2151; x_wconf 79' lang='lat' dir='ltr'>signif.V-</span> 
     </span>
     <span class='ocr_line' id='line_1_20' title="bbox 152 2150 1169 2223; baseline -0.001 -15"><span class='ocrx_word' id='word_1_173' title='bbox 152 2161 168 2208; x_wconf 82' lang='lat'>9</span> <span class='ocrx_word' id='word_1_174' title='bbox 188 2153 275 2223; x_wconf 88' lang='grc' dir='ltr'><strong><em>ήγονν</em></strong></span> <span class='ocrx_word' id='word_1_175' title='bbox 295 2152 449 2223; x_wconf 79' lang='grc' dir='ltr'><strong><em>ζυγόλουρα</em></strong></span> <span class='ocrx_word' id='word_1_176' title='bbox 468 2153 493 2206; x_wconf 93' lang='grc' dir='ltr'>Η</span> <span class='ocrx_word' id='word_1_177' title='bbox 521 2183 556 2192; x_wconf 99' lang='grc'>-</span> <span class='ocrx_word' id='word_1_178' title='bbox 584 2152 639 2207; x_wconf 83' lang='grc' dir='ltr'><strong><em>ὐπὸ</em></strong></span> <span class='ocrx_word' id='word_1_179' title='bbox 658 2153 683 2206; x_wconf 88' lang='lat' dir='ltr'>V</span> <span class='ocrx_word' id='word_1_180' title='bbox 704 2184 732 2192; x_wconf 87' lang='lat'><strong><em>-·</em></strong></span> <span class='ocrx_word' id='word_1_181' title='bbox 762 2153 811 2207; x_wconf 90' lang='grc' dir='ltr'><strong><em>τδν</em></strong></span> <span class='ocrx_word' id='word_1_182' title='bbox 830 2150 937 2222; x_wconf 83' lang='grc' dir='ltr'><strong><em>αὐχένα</em></strong></span> <span class='ocrx_word' id='word_1_183' title='bbox 955 2153 1012 2206; x_wconf 89' lang='lat' dir='ltr'><strong><em>VH</em></strong></span> <span class='ocrx_word' id='word_1_184' title='bbox 1033 2159 1114 2221; x_wconf 81' lang='lat' dir='ltr'>(corr.</span> <span class='ocrx_word' id='word_1_185' title='bbox 1135 2170 1169 2208; x_wconf 83' lang='lat' dir='ltr'><strong><em>ex</em></strong></span> 
     </span>
     <span class='ocr_line' id='line_1_21' title="bbox 150 2221 1169 2294; baseline -0.001 -15"><span class='ocrx_word' id='word_1_186' title='bbox 150 2223 279 2294; x_wconf 80' lang='grc' dir='ltr'><strong><em>αὐχένων</em></strong></span> <span class='ocrx_word' id='word_1_187' title='bbox 298 2223 334 2293; x_wconf 91' lang='lat' dir='ltr'><strong><em>V)</em></strong></span> <span class='ocrx_word' id='word_1_188' title='bbox 367 2255 400 2263; x_wconf 90' lang='lat'>-</span> <span class='ocrx_word' id='word_1_189' title='bbox 436 2229 469 2277; x_wconf 83' lang='lat'><strong><em>10</em></strong></span> <span class='ocrx_word' id='word_1_190' title='bbox 492 2223 578 2277; x_wconf 80' lang='lat' dir='ltr'>verba</span> <span class='ocrx_word' id='word_1_191' title='bbox 600 2223 666 2277; x_wconf 85' lang='lat' dir='ltr'>inde</span> <span class='ocrx_word' id='word_1_192' title='bbox 689 2221 852 2279; x_wconf 79' lang='grc' dir='ltr'><strong><em>υλέποιδνα</em></strong></span> <span class='ocrx_word' id='word_1_193' title='bbox 871 2223 902 2278; x_wconf 76' lang='grc' dir='ltr'><strong><em>δὲ</em></strong></span> <span class='ocrx_word' id='word_1_194' title='bbox 922 2241 1010 2292; x_wconf 74' lang='lat' dir='ltr'><strong>usque</strong></span> <span class='ocrx_word' id='word_1_195' title='bbox 1029 2225 1066 2279; x_wconf 77' lang='lat' dir='ltr'><strong><em>ad</em></strong></span> <span class='ocrx_word' id='word_1_196' title='bbox 1083 2224 1169 2278; x_wconf 85' lang='lat' dir='ltr'>finem</span> 
     </span>
     <span class='ocr_line' id='line_1_22' title="bbox 151 2291 1169 2368; baseline 0.003 -20"><span class='ocrx_word' id='word_1_197' title='bbox 151 2312 205 2350; x_wconf 89' lang='lat' dir='ltr'><strong><em>om.</em></strong></span> <span class='ocrx_word' id='word_1_198' title='bbox 225 2295 251 2348; x_wconf 90' lang='lat' dir='ltr'>H</span> <span class='ocrx_word' id='word_1_199' title='bbox 280 2327 311 2334; x_wconf 94' lang='lat'>—</span> <span class='ocrx_word' id='word_1_200' title='bbox 342 2311 395 2348; x_wconf 89' lang='lat' dir='ltr'><strong><em>om.</em></strong></span> <span class='ocrx_word' id='word_1_201' title='bbox 417 2293 511 2347; x_wconf 81' lang='lat' dir='ltr'><strong>verbis</strong></span> <span class='ocrx_word' id='word_1_202' title='bbox 534 2291 593 2349; x_wconf 90' lang='grc' dir='ltr'><strong><em>λέπ.</em></strong></span> <span class='ocrx_word' id='word_1_203' title='bbox 613 2292 644 2348; x_wconf 70' lang='grc' dir='ltr'><strong><em>δὲ</em></strong></span> <span class='ocrx_word' id='word_1_204' title='bbox 668 2296 770 2364; x_wconf 89' lang='grc' dir='ltr'><strong><em>κυρίως</em></strong></span> <span class='ocrx_word' id='word_1_205' title='bbox 790 2337 795 2348; x_wconf 92' lang='grc'><em>.</em></span> <span class='ocrx_word' id='word_1_206' title='bbox 815 2338 822 2350; x_wconf 92' lang='grc'><strong>.</strong></span> <span class='ocrx_word' id='word_1_207' title='bbox 842 2294 946 2364; x_wconf 74' lang='grc' dir='ltr'><strong><em>στήθηι</em></strong></span> <span class='ocrx_word' id='word_1_208' title='bbox 974 2294 1113 2368; x_wconf 88' lang='grc' dir='ltr'><strong><em>λέπαδνα]</em></strong></span> <span class='ocrx_word' id='word_1_209' title='bbox 1138 2293 1169 2351; x_wconf 78' lang='grc' dir='ltr'><strong><em>οἱ</em></strong></span> 
     </span>
     <span class='ocr_line' id='line_1_23' title="bbox 150 2363 1168 2437; baseline 0.004 -17"><span class='ocrx_word' id='word_1_210' title='bbox 150 2372 251 2436; x_wconf 84' lang='grc' dir='ltr'><strong><em>παχεῖς</em></strong></span> <span class='ocrx_word' id='word_1_211' title='bbox 270 2363 383 2434; x_wconf 74' lang='grc' dir='ltr'><strong><em>ἱμάντες</em></strong></span> <span class='ocrx_word' id='word_1_212' title='bbox 406 2369 462 2421; x_wconf 92' lang='grc' dir='ltr'><strong><em>κτλ.</em></strong></span> <span class='ocrx_word' id='word_1_213' title='bbox 478 2364 563 2433; x_wconf 86' lang='lat' dir='ltr'>vulgo</span> <span class='ocrx_word' id='word_1_214' title='bbox 575 2365 629 2420; x_wconf 91' lang='lat' dir='ltr'><strong><em>Dd.</em></strong></span> <span class='ocrx_word' id='word_1_215' title='bbox 659 2397 692 2405; x_wconf 93' lang='lat'>-</span> <span class='ocrx_word' id='word_1_216' title='bbox 717 2368 784 2434; x_wconf 72' lang='lat' dir='ltr'><strong>pout</strong></span> <span class='ocrx_word' id='word_1_217' title='bbox 802 2366 906 2435; x_wconf 75' lang='grc' dir='ltr'><strong><em>στήθηι</em></strong></span> <span class='ocrx_word' id='word_1_218' title='bbox 930 2375 985 2420; x_wconf 86' lang='grc' dir='ltr'><strong><em>τῶν</em></strong></span> <span class='ocrx_word' id='word_1_219' title='bbox 1009 2369 1168 2437; x_wconf 76' lang='grc' dir='ltr'><strong><em>ὑποζυγίων</em></strong></span> 
     </span>
     <span class='ocr_line' id='line_1_24' title="bbox 151 2435 1167 2561; baseline 0.004 -71"><span class='ocrx_word' id='word_1_220' title='bbox 151 2436 259 2561; x_wconf 51' lang='grc' dir='ltr'><strong><em>εδδχί</em></strong></span> <span class='ocrx_word' id='word_1_221' title='bbox 280 2468 309 2475; x_wconf 94' lang='grc'>-</span> <span class='ocrx_word' id='word_1_222' title='bbox 331 2440 445 2498; x_wconf 85' lang='grc' dir='ltr'><strong><em>πλατεῖς</em></strong></span> <span class='ocrx_word' id='word_1_223' title='bbox 458 2437 551 2492; x_wconf 91' lang='lat' dir='ltr'>om.V</span> <span class='ocrx_word' id='word_1_224' title='bbox 571 2467 605 2476; x_wconf 94' lang='lat'>—</span> <span class='ocrx_word' id='word_1_225' title='bbox 628 2443 657 2490; x_wconf 87' lang='lat'><strong><em>11</em></strong></span> <span class='ocrx_word' id='word_1_226' title='bbox 677 2440 763 2491; x_wconf 76' lang='lat' dir='ltr'>verba</span> <span class='ocrx_word' id='word_1_227' title='bbox 778 2435 819 2500; x_wconf 83' lang='grc' dir='ltr'><strong><em>τίς</em></strong></span> <span class='ocrx_word' id='word_1_228' title='bbox 833 2438 1060 2508; x_wconf 76' lang='grc' dir='ltr'><strong><em>ἀναστομοῦνται</em></strong></span> <span class='ocrx_word' id='word_1_229' title='bbox 1075 2455 1098 2492; x_wconf 86' lang='grc' dir='ltr'><strong><em>ο.</em></strong></span> <span class='ocrx_word' id='word_1_230' title='bbox 1109 2456 1135 2508; x_wconf 89' lang='lat' dir='ltr'><strong><em>q.</em></strong></span> <span class='ocrx_word' id='word_1_231' title='bbox 1146 2457 1167 2495; x_wconf 82' lang='lat' dir='ltr'><strong><em>s.</em></strong></span> 
     </span>
     <span class='ocr_line' id='line_1_25' title="bbox 151 2524 206 2564; baseline 0.036 -3"><span class='ocrx_word' id='word_1_232' title='bbox 151 2524 206 2564; x_wconf 86' lang='lat' dir='ltr'><strong><em>om.</em></strong></span> 
     </span>
    </p>
   </div>
   <div class='ocr_carea' id='block_1_6' title="bbox 128 2667 1169 3186">
    <p class='ocr_par' dir='ltr' id='par_1_6' title="bbox 150 2667 1169 3076">
     <span class='ocr_line' id='line_1_26' title="bbox 221 2667 1167 2756; baseline 0.002 -21"><span class='ocrx_word' id='word_1_233' title='bbox 221 2669 284 2736; x_wconf 84' lang='grc'><strong><em>195</em></strong></span> <span class='ocrx_word' id='word_1_234' title='bbox 295 2693 340 2755; x_wconf 85' lang='lat' dir='ltr'><strong><em>sq.</em></strong></span> <span class='ocrx_word' id='word_1_235' title='bbox 377 2669 418 2754; x_wconf 87' lang='grc' dir='ltr'><strong><em>χή</em></strong></span> <span class='ocrx_word' id='word_1_236' title='bbox 442 2667 503 2754; x_wconf 73' lang='grc' dir='ltr'><strong><em>μὲν</em></strong></span> <span class='ocrx_word' id='word_1_237' title='bbox 526 2667 598 2756; x_wconf 72' lang='grc' dir='ltr'><strong><em>τῇδ’</em></strong></span> <span class='ocrx_word' id='word_1_238' title='bbox 622 2670 808 2754; x_wconf 86' lang='grc' dir='ltr'><strong><em>ἐπυργοῦτο</em></strong></span> <span class='ocrx_word' id='word_1_239' title='bbox 831 2676 945 2756; x_wconf 74' lang='grc' dir='ltr'><strong><em>στολήι</em></strong></span> <span class='ocrx_word' id='word_1_240' title='bbox 972 2670 1028 2738; x_wconf 81' lang='grc' dir='ltr'><strong><em>καί</em></strong></span> <span class='ocrx_word' id='word_1_241' title='bbox 1050 2671 1071 2754; x_wconf 90' lang='grc' dir='ltr'><strong><em>ή</em></strong></span> <span class='ocrx_word' id='word_1_242' title='bbox 1095 2670 1167 2756; x_wconf 82' lang='grc' dir='ltr'><strong><em>μέν,</em></strong></span> 
     </span>
     <span class='ocr_line' id='line_1_27' title="bbox 150 2771 1168 2864; baseline 0.001 -22"><span class='ocrx_word' id='word_1_243' title='bbox 150 2778 258 2859; x_wconf 88' lang='grc' dir='ltr'><strong><em>ήγουν</em></strong></span> <span class='ocrx_word' id='word_1_244' title='bbox 282 2771 389 2859; x_wconf 74' lang='grc' dir='ltr'><strong><em>Ἀσία,</em></strong></span> <span class='ocrx_word' id='word_1_245' title='bbox 422 2778 608 2862; x_wconf 86' lang='grc' dir='ltr'><strong><em>ἐπυργοῦτο</em></strong></span> <span class='ocrx_word' id='word_1_246' title='bbox 636 2775 692 2841; x_wconf 84' lang='grc' dir='ltr'><strong><em>καὶ</em></strong></span> <span class='ocrx_word' id='word_1_247' title='bbox 720 2777 889 2862; x_wconf 88' lang='grc' dir='ltr'><strong><em>ἐκοσμεῖτο</em></strong></span> <span class='ocrx_word' id='word_1_248' title='bbox 919 2776 975 2843; x_wconf 84' lang='grc' dir='ltr'><strong><em>καὶ</em></strong></span> <span class='ocrx_word' id='word_1_249' title='bbox 1002 2776 1099 2864; x_wconf 80' lang='grc' dir='ltr'><strong><em>ᾔρετο</em></strong></span> <span class='ocrx_word' id='word_1_250' title='bbox 1128 2787 1168 2863; x_wconf 77' lang='grc' dir='ltr'><strong><em>τῇ</em></strong></span> 
     </span>
     <span class='ocr_line' id='line_1_28' title="bbox 151 2881 1168 2970; baseline 0.001 -21"><span class='ocrx_word' id='word_1_251' title='bbox 151 2888 253 2969; x_wconf 82' lang='grc' dir='ltr'><strong><em>στολή</em></strong></span> <span class='ocrx_word' id='word_1_252' title='bbox 277 2886 363 2969; x_wconf 78' lang='grc' dir='ltr'><strong><em>τήδε.</em></strong></span> <span class='ocrx_word' id='word_1_253' title='bbox 407 2885 575 2962; x_wconf 85' lang='grc' dir='ltr'><strong><em>δεικτικῶς</em></strong></span> <span class='ocrx_word' id='word_1_254' title='bbox 600 2881 637 2949; x_wconf 75' lang='grc' dir='ltr'><strong><em>δὲ</em></strong></span> <span class='ocrx_word' id='word_1_255' title='bbox 659 2893 758 2949; x_wconf 89' lang='grc' dir='ltr'><strong><em>τοῦτο</em></strong></span> <span class='ocrx_word' id='word_1_256' title='bbox 783 2882 857 2949; x_wconf 81' lang='grc' dir='ltr'><strong><em>ἀντὶ</em></strong></span> <span class='ocrx_word' id='word_1_257' title='bbox 871 2893 942 2965; x_wconf 48' lang='grc' dir='ltr'><strong><em>,τοῦ</em></strong></span> <span class='ocrx_word' id='word_1_258' title='bbox 959 2893 998 2970; x_wconf 76' lang='grc' dir='ltr'><strong><em>τῇ</em></strong></span> <span class='ocrx_word' id='word_1_259' title='bbox 1017 2891 1168 2970; x_wconf 78' lang='grc' dir='ltr'><strong><em>Περσική</em></strong></span> 
     </span>
     <span class='ocr_line' id='line_1_29' title="bbox 151 2986 1169 3076; baseline 0.003 -22"><span class='ocrx_word' id='word_1_260' title='bbox 151 2991 265 3076; x_wconf 88' lang='grc' dir='ltr'><strong><em>ταύτη,</em></strong></span> <span class='ocrx_word' id='word_1_261' title='bbox 289 2990 332 3074; x_wconf 83' lang='grc' dir='ltr'><strong><em>ήν</em></strong></span> <span class='ocrx_word' id='word_1_262' title='bbox 355 2999 467 3076; x_wconf 78' lang='grc' dir='ltr'><strong><em>φορῶ.Ι</em></strong></span> <span class='ocrx_word' id='word_1_263' title='bbox 496 2986 562 3075; x_wconf 83' lang='grc' dir='ltr'><strong><em>εἶχε</em></strong></span> <span class='ocrx_word' id='word_1_264' title='bbox 582 2988 620 3056; x_wconf 78' lang='grc' dir='ltr'><strong><em>δὲ</em></strong></span> <span class='ocrx_word' id='word_1_265' title='bbox 639 2993 744 3074; x_wconf 89' lang='grc' dir='ltr'><strong><em>στόμα</em></strong></span> <span class='ocrx_word' id='word_1_266' title='bbox 763 2991 925 3075; x_wconf 83' lang='grc' dir='ltr'><strong><em>εὔαρκτον</em></strong></span> <span class='ocrx_word' id='word_1_267' title='bbox 942 2989 999 3057; x_wconf 83' lang='grc' dir='ltr'><strong><em>καὶ</em></strong></span> <span class='ocrx_word' id='word_1_268' title='bbox 1018 2991 1169 3076; x_wconf 84' lang='grc' dir='ltr'><strong><em>ὑπήκοον</em></strong></span> 
     </span>
    </p>

    <p class='ocr_par' dir='ltr' id='par_1_7' title="bbox 128 3095 698 3186">
     <span class='ocr_line' id='line_1_30' title="bbox 128 3095 698 3186; baseline -0.002 -25"><span class='ocrx_word' id='word_1_269' title='bbox 128 3095 211 3162; x_wconf 83' lang='grc' dir='ltr'><strong><em>τκαὶ</em></strong></span> <span class='ocrx_word' id='word_1_270' title='bbox 233 3101 413 3181; x_wconf 78' lang='grc' dir='ltr'><strong><em>πειθήνιον</em></strong></span> <span class='ocrx_word' id='word_1_271' title='bbox 437 3097 474 3162; x_wconf 83' lang='grc' dir='ltr'><strong><em>ἐν</em></strong></span> <span class='ocrx_word' id='word_1_272' title='bbox 496 3106 542 3186; x_wconf 75' lang='grc' dir='ltr'><strong><em>τῷ</em></strong></span> <span class='ocrx_word' id='word_1_273' title='bbox 565 3103 698 3182; x_wconf 78' lang='grc' dir='ltr'><strong><em>χαλινῷ.</em></strong></span> 
     </span>
    </p>
   </div>
   <div class='ocr_carea' id='block_1_7' title="bbox 225 3253 1169 3378">
    <p class='ocr_par' dir='ltr' id='par_1_8' title="bbox 225 3253 1169 3378">
     <span class='ocr_line' id='line_1_31' title="bbox 225 3253 1169 3378; baseline 0.003 -18"><span class='ocrx_word' id='word_1_274' title='bbox 225 3313 239 3360; x_wconf 92' lang='grc'>1</span> <span class='ocrx_word' id='word_1_275' title='bbox 258 3304 296 3377; x_wconf 76' lang='grc' dir='ltr'><em>χὴ</em></span> <span class='ocrx_word' id='word_1_276' title='bbox 316 3309 345 3360; x_wconf 72' lang='lat' dir='ltr'><strong><em>et</em></strong></span> <span class='ocrx_word' id='word_1_277' title='bbox 364 3305 443 3361; x_wconf 84' lang='grc' dir='ltr'><strong><em>τοῦδ’</em></strong></span> <span class='ocrx_word' id='word_1_278' title='bbox 464 3307 491 3361; x_wconf 92' lang='grc' dir='ltr'><strong>Η</strong></span> <span class='ocrx_word' id='word_1_279' title='bbox 519 3338 552 3348; x_wconf 93' lang='grc'>-</span> <span class='ocrx_word' id='word_1_280' title='bbox 581 3253 790 3377; x_wconf 65' lang='grc' dir='ltr'><strong><em>θήγοννὴάτία</em></strong></span> <span class='ocrx_word' id='word_1_281' title='bbox 810 3308 842 3375; x_wconf 86' lang='lat' dir='ltr'><strong><em>V,</em></strong></span> <span class='ocrx_word' id='word_1_282' title='bbox 861 3306 949 3378; x_wconf 80' lang='grc' dir='ltr'><strong><em>ἤγουν</em></strong></span> <span class='ocrx_word' id='word_1_283' title='bbox 969 3307 985 3377; x_wconf 79' lang='grc' dir='ltr'><strong><em>ή</em></strong></span> <span class='ocrx_word' id='word_1_284' title='bbox 1004 3309 1072 3363; x_wconf 86' lang='grc' dir='ltr'><strong><em>άσία</em></strong></span> <span class='ocrx_word' id='word_1_285' title='bbox 1088 3308 1114 3362; x_wconf 89' lang='grc' dir='ltr'>Η</span> <span class='ocrx_word' id='word_1_286' title='bbox 1133 3340 1169 3350; x_wconf 93' lang='grc'>-</span> 
     </span>
    </p>
   </div>
   <div class='ocr_carea' id='block_1_8' title="bbox 152 3375 1169 3519">
    <p class='ocr_par' dir='ltr' id='par_1_9' title="bbox 152 3375 1169 3519">
     <span class='ocr_line' id='line_1_32' title="bbox 152 3375 1169 3450; baseline 0.003 -17"><span class='ocrx_word' id='word_1_287' title='bbox 152 3377 203 3433; x_wconf 83' lang='grc' dir='ltr'><strong><em>καλ</em></strong></span> <span class='ocrx_word' id='word_1_288' title='bbox 220 3375 303 3449; x_wconf 78' lang='grc' dir='ltr'><strong><em>ᾔρετο</em></strong></span> <span class='ocrx_word' id='word_1_289' title='bbox 323 3393 377 3432; x_wconf 86' lang='lat' dir='ltr'><strong><em>om.</em></strong></span> <span class='ocrx_word' id='word_1_290' title='bbox 392 3378 417 3429; x_wconf 95' lang='lat' dir='ltr'>V</span> <span class='ocrx_word' id='word_1_291' title='bbox 437 3409 470 3418; x_wconf 93' lang='lat'>-</span> <span class='ocrx_word' id='word_1_292' title='bbox 490 3385 505 3432; x_wconf 88' lang='lat'><strong>3</strong></span> <span class='ocrx_word' id='word_1_293' title='bbox 524 3380 607 3434; x_wconf 85' lang='grc' dir='ltr'><strong><em>τοῦδε</em></strong></span> <span class='ocrx_word' id='word_1_294' title='bbox 621 3396 673 3448; x_wconf 89' lang='lat' dir='ltr'><strong><em>pro</em></strong></span> <span class='ocrx_word' id='word_1_295' title='bbox 687 3386 769 3433; x_wconf 82' lang='grc' dir='ltr'><strong><em>τοῦτο</em></strong></span> <span class='ocrx_word' id='word_1_296' title='bbox 783 3378 809 3432; x_wconf 90' lang='lat' dir='ltr'>V</span> <span class='ocrx_word' id='word_1_297' title='bbox 828 3411 860 3419; x_wconf 95' lang='lat'>—</span> <span class='ocrx_word' id='word_1_298' title='bbox 879 3387 913 3450; x_wconf 78' lang='grc' dir='ltr'><strong><em>τῇ</em></strong></span> <span class='ocrx_word' id='word_1_299' title='bbox 933 3397 986 3433; x_wconf 90' lang='lat' dir='ltr'><strong><em>om.</em></strong></span> <span class='ocrx_word' id='word_1_300' title='bbox 1002 3379 1118 3450; x_wconf 79' lang='lat' dir='ltr'>Hvulgo</span> <span class='ocrx_word' id='word_1_301' title='bbox 1135 3409 1169 3422; x_wconf 83' lang='lat'>—</span> 
     </span>
     <span class='ocr_line' id='line_1_33' title="bbox 153 3446 1123 3519; baseline 0.001 -16"><span class='ocrx_word' id='word_1_302' title='bbox 153 3447 216 3503; x_wconf 75' lang='grc' dir='ltr'><strong><em>ἀντὶ</em></strong></span> <span class='ocrx_word' id='word_1_303' title='bbox 235 3457 284 3503; x_wconf 83' lang='grc' dir='ltr'><strong><em>τοῦ</em></strong></span> <span class='ocrx_word' id='word_1_304' title='bbox 305 3447 373 3519; x_wconf 79' lang='grc' dir='ltr'><strong><em>ὅπερ</em></strong></span> <span class='ocrx_word' id='word_1_305' title='bbox 392 3450 439 3504; x_wconf 86' lang='grc' dir='ltr'><strong><em>δεῖ</em></strong></span> <span class='ocrx_word' id='word_1_306' title='bbox 454 3449 559 3519; x_wconf 86' lang='grc' dir='ltr'><strong><em>ταύτην</em></strong></span> <span class='ocrx_word' id='word_1_307' title='bbox 579 3450 602 3503; x_wconf 95' lang='lat' dir='ltr'>V</span> <span class='ocrx_word' id='word_1_308' title='bbox 623 3481 656 3489; x_wconf 91' lang='lat'><em>-</em></span> <span class='ocrx_word' id='word_1_309' title='bbox 676 3457 692 3504; x_wconf 84' lang='lat'><strong>4</strong></span> <span class='ocrx_word' id='word_1_310' title='bbox 712 3449 830 3516; x_wconf 89' lang='grc' dir='ltr'><strong><em>εὐήκυον</em></strong></span> <span class='ocrx_word' id='word_1_311' title='bbox 850 3449 874 3502; x_wconf 90' lang='grc' dir='ltr'>Η</span> <span class='ocrx_word' id='word_1_312' title='bbox 894 3481 928 3491; x_wconf 95' lang='grc'>-</span> <span class='ocrx_word' id='word_1_313' title='bbox 947 3456 963 3504; x_wconf 82' lang='lat'>5</span> <span class='ocrx_word' id='word_1_314' title='bbox 983 3446 1014 3506; x_wconf 90' lang='grc' dir='ltr'><strong><em>ἐν</em></strong></span> <span class='ocrx_word' id='word_1_315' title='bbox 1034 3451 1123 3507; x_wconf 89' lang='lat' dir='ltr'>om.V</span> 
     </span>
    </p>
   </div>
   <div class='ocr_carea' id='block_1_9' title="bbox 0 0 1320 3878">
    <p class='ocr_par' dir='ltr' id='par_1_10' title="bbox 0 0 1320 3878">
     <span class='ocr_line' id='line_1_34' title="bbox 0 0 1320 3878; baseline 0 0"><span class='ocrx_word' id='word_1_316' title='bbox 0 0 1320 3878; x_wconf 95' lang='lat' dir='ltr'><strong><em> </em></strong></span> 
     </span>
    </p>
   </div>
  </div>
 </body>
</html>
