2628 3892
575 121 786 176 PRAEFATIO.
890 123 892 128 '
1103 121 1192 174 XLIX

233 281 336 346 Plane
370 287 478 346 autem
515 281 628 346 sterile
661 283 826 366 glossema
856 282 979 366 legitur
1012 282 1053 348 ad
1083 283 1206 348 Prona·

166 411 196 454 8.
216 389 281 454 844
308 387 459 472 11θέ18]
492 389 576 472 ἤπερ
607 386 709 456 θέλω.
755 387 849 465 Quod
876 392 987 473 potest
1013 389 1191 473 paraphra-

168 517 244 560 seos
277 496 524 579 antiquissimae
559 495 736 560 frustulum
770 495 879 560 videri.
937 494 1093 560 Eiusdem
1124 496 1191 560 fere

167 601 267 686 pretii
289 607 375 685 sunt,
399 601 534 686 quaein
554 601 621 667 sch.
636 599 714 684 Byz.
734 605 766 664 et
784 601 838 685 gil.
857 622 937 666 rece.
957 604 1077 680 extant,
1101 601 1191 679 ὅστις

166 730 226 792 pro
246 707 332 784 ὅςο
302 705 355 794 (ct
375 707 476 772 etiam
500 707 566 772 sch.
585 706 620 770 M
638 705 749 772 Prom.
768 707 843 772 242.
866 705 954 791 Sept.
958 707 1063 790 583)
1088 709 1190 794 688888

166 837 227 898 pro
251 815 341 890 ὅστις
364 811 444 900 (sch.
464 817 494 878 A
518 814 594 892 218,
623 813 663 879 81.
687 813 844 898 Hesych.:
873 813 956 898 ἅπερ
980 812 1116 880 tortv'
1095 816 1192 880 ατινά

167 918 366 1004 torruit
334 919 419 984 Item
453 921 519 987 sch.
543 920 579 985 M
602 901 682 986 Oho.
702 921 772 986 306
806 921 847 984 ad
879 922 970 1005 τῇδε]
1003 908 1130 1010 rodim
1144 931 1190 1010 τῷ

167 1029 279 1116 τρόπῳ
305 1027 482 1110 respondet
468 1026 629 1092 tscholio
655 1026 781 1108 Α524,
808 1027 865 1092 ubi
892 1028 972 1112 τῃδε
998 1051 1057 1112 per
1085 1029 1192 1105 οὕτως

171 1135 277 1198 reddit
264 1141 325 1199 tur.
363 1132 477 1218 Neque
496 1134 540 1218 gl.
554 1134 628 1200 290.
642 1134 718 1198 474.
738 1133 804 1200 sch.
823 1134 942 1220 Aeno,
966 1135 1082 1218 quibus
1101 1135 1191 1221 πάρα

169 1263 228 1326 per
246 1241 406 1325 πάρεστιν
425 1240 604 1325 expeditur,
628 1241 693 1305 8118
713 1245 789 1306 8888
807 1245 905 1324 atque
925 1241 990 1308 sch.
1005 1241 1100 1308 Eum.
1115 1244 1190 1328 396,

167 1349 224 1412 ubi
247 1349 378 1412 ἔπεστιν
404 1349 444 1412 ed
468 1350 521 1412 ἔπι
544 1347 750 1431 adscriptum
774 1351 833 1412 888.

237 1453 400 1530 Quoniam
428 1447 722 1532 demonstravimus
747 1459 780 1518 et
805 1453 929 1518 scholia
953 1453 988 1518 M
1012 1460 1044 1518 et
1067 1457 1189 1537 glosse·
1238 1446 1241 1450 ’

134 1615 137 1620 .
172 1565 262 1624 mata
293 1562 509 1626 recentiorum
543 1560 688 1625 codicum
721 1565 754 1625 et
781 1559 964 1643 Byzantina
997 1561 1120 1628 scholia
1148 1564 1188 1627 ab

172 1667 285 1732 eodem
330 1667 508 1750 archetypo
550 1667 710 1750 originem
753 1667 914 1750 accepisse
953 1673 985 1731 et
1021 1668 1189 1734 docuimus

171 1796 269 1858 quam
293 1775 450 1839 88818818
469 1773 504 1836 M
527 1796 593 1838 non
611 1774 734 1840 tradita
752 1775 826 1838 inde
850 1775 1035 1844 manevisse
1052 1777 1189 1861 possint,

171 1885 352 1945 extremum
381 1889 444 1964 888,
473 1888 510 1945 88
532 1882 781 1965 comprobemus
810 1881 1023 1966 archetypum
1054 1882 1188 1948 eundem

150 2072 153 2077 Ι
172 1987 292 2052 librum
306 1988 417 2073 fuisse,
435 1987 527 2052 unde
538 1993 664 2052 textum
682 1987 869 2051 fabularum
884 1989 920 2050 in
939 1989 1065 2053 codices
1080 2011 1189 2054 recen-

170 2095 270 2158 tiores
302 2095 433 2159 fluxisse
464 2093 609 2177 capiteI
638 2089 828 2178 diximus*)
874 2091 961 2159 Nam
991 2116 1189 2178 quamquam

37 2239 39 2242 ·
170 2201 232 2265 hoc
264 2224 322 2285 per
353 2223 387 2265 se
417 2201 486 2265 veri
519 2198 723 2281 simillimum
758 2204 821 2282 888,
852 2221 919 2264 888
952 2200 1068 2264 desunt
1101 2208 1190 2266 certa

171 2309 330 2391 quaedam
345 2313 546 2394 argumenta,
565 2305 682 2391 quibus
697 2307 778 2372 haec
793 2307 955 2372 sententia
969 2307 1189 2373 confirmetur.

170 2413 257 2478 Nam
280 2413 417 2479 Medicei
441 2415 610 2498 librarius,
640 2436 836 2498 quamquam
861 2414 985 2479 scholia
1008 2415 1075 2480 fere
1097 2415 1189 2482 nulla

132 2555 134 2558 ·
170 2522 317 2586 exaravit
345 2557 388 2568 —-
420 2541 457 2584 88
481 2521 567 2585 enim
590 2521 722 2603 scripsit
753 2525 915 2586 corrector
946 2518 1008 2606 (m)
1041 2556 1097 2604 —,
1126 2521 1189 2585 duo

170 2633 280 2692 888888
304 2629 503 2713 glossemata
525 2628 595 2711 ipse
618 2627 738 2710 pinxit:
770 2624 824 2692 ἐπὶ
845 2629 995 2746 Δαρ8ίου
1020 2649 1047 2690 8.
1066 2627 1132 2692 418
1157 2632 1197 2705 88Ι

171 2734 277 2816 τάφος
309 2757 337 2799 8.
366 2733 440 2799 650.
496 2732 639 2808 Quorum
672 2733 818 2797 illudt
786 2733 884 2796 etiem
917 2733 951 2796 in
984 2731 1028 2814 V,
1060 2713 1164 2796 1888
1155 2755 1189 2796 88
1275 2717 1278 2722 ’

90 2885 93 2892 ·
170 2838 302 2904 VBGL
326 2841 455 2925 obviam
485 2845 543 2905 888.
521 2840 649 2937 81118
674 2845 731 2904 888
733 2860 783 2903 em
806 2838 958 2903 librarius
982 2837 1127 2904 Moeris
1151 2861 1189 2904 ea

170 2968 235 3011 non
264 2947 459 3030 scripsisse,
486 2947 553 3010 nisi
574 2934 608 3010 in
638 2947 728 3010 fonte
759 2968 857 3029 supra
884 2967 1014 3010 versum
1041 2943 1188 3012 fuissent.

170 3050 261 3134 Idem
284 3075 326 3117 ne
349 3074 444 3118 versu
473 3052 602 3138 quidem
627 3051 692 3116 154
711 3050 854 3138 ,ἁρπαγὴ
877 3052 911 3114 18
940 3043 1085 3136 descript
1109 3053 1188 3116 stul·

171 3159 297 3225 tissime
321 3163 490 3242 mutasset,
513 3158 657 3223 81811888
677 3158 711 3222 in
737 3158 862 3224 scholio
886 3158 1021 3243 legisset
1044 3157 1187 3244 (ἁρπαγὴ

170 3266 261 3331 codd.
284 3264 392 3351 8888).

170 3357 384 3374 --Ᾱ--

235 3406 260 3473 8)
279 3403 372 3458 runis
397 3405 487 3460 8888
511 3403 803 3460 8888888888
821 3403 928 3473 p.X1v
952 3404 1021 3458 eur.
1041 3403 1188 3460 contendit

170 3493 278 3548 scholia
295 3495 324 3548 et
342 3495 453 3548 textum
472 3510 505 3548 ex
525 3495 624 3550 eodem
641 3491 715 3548 libro
734 3493 861 3567 profecta
880 3511 950 3550 8888.

221 3593 306 3645 Senon,
321 3603 347 3632 nr
361 3592 451 3634 Arsen.
465 3593 534 3633 Pras.
548 3593 582 3636 ed.
597 3592 778 3636 Dshnhardt.
882 3602 883 3605 ’
1009 3581 1028 3633 d
