2628 3892
139 175 194 224 XII
272 187 275 191 ’
541 173 753 226 PRAEFATIO.

144 332 231 400 Nam
263 335 299 399 hi
331 337 398 398 tres
431 333 571 418 codices,
604 334 658 418 qui
691 355 788 418 saepe
816 355 888 399 cum
916 332 948 398 V
980 335 1157 401 concinunt

139 441 227 505 haud
249 463 323 506 raro
347 441 464 506 menda
486 441 671 506 communia
698 439 833 525 habent,
862 441 978 526 quibus
1001 441 1033 506 V
1057 445 1155 508 caret.

141 546 257 632 Neque
280 552 389 612 temen
412 551 502 613 recta
524 549 576 612 via
599 547 689 613 codd.
714 547 817 612 Guelf.
841 553 874 612 et
895 546 984 633 Lips.
1008 571 1047 614 ex
1069 550 1156 614 libro

150 655 345 740 interposito
367 655 504 740 profecti
529 661 618 739 sunt,
647 655 679 718 id
702 656 787 738 quod
807 678 838 739 p.
854 653 936 720 XIII
956 677 1163 740 exponemus,

218 757 263 829 bl:
288 763 385 826 codex
407 760 681 846 Guelferbytanus
700 761 867 827 Gudianus
887 762 939 845 88,
962 763 1162 846 chartaceus,

150 871 269 934 saeculi
297 867 368 954 XV,
401 891 512 933 omnes
544 867 698 952 Aeschyli
729 869 858 934 fabulas
891 871 1073 954 continens,
1106 871 1162 934 sed

145 973 314 1040 Oresteam
335 980 367 1040 et
383 973 552 1060 Supplices
572 997 591 1038 a
610 975 787 1041 recentiore
801 998 900 1040 manu
920 998 1017 1060 quam
1036 977 1164 1060 priores

145 1086 213 1146 tres
238 1082 385 1166 scriptas.
430 1081 611 1167 Utramque
639 1086 766 1166 partem
794 1083 1002 1168 bibliopegus
1030 1083 1163 1148 coniun-

143 1189 206 1273 xit,
233 1211 310 1252 nam
334 1188 447 1253 charta
471 1211 598 1274 quoque
627 1191 731 1254 altera
753 1191 794 1254 ab
819 1190 922 1254 altera
951 1189 1066 1256 differt.
1111 1188 1164 1254 De
1299 1208 1305 1217 “

147 1301 241 1360 textu
259 1295 405 1379 priorum
419 1296 603 1360 fabularum
618 1297 714 1362 modo
730 1297 805 1363 dixi.
842 1293 972 1362 Scholia
986 1300 1020 1360 et
1039 1297 1162 1382 glosse-

144 1407 234 1468 mata
266 1403 380 1468 insunt
413 1425 496 1487 quae
527 1403 625 1488 vulgo
655 1402 683 1468 B
715 1407 883 1470 vocantur.
932 1401 1022 1467 Haec
1054 1407 1162 1467 autem

146 1532 239 1575 suum
260 1511 379 1575 habere
399 1511 540 1596 pretium
559 1510 672 1595 paullo
692 1511 779 1574 infra
797 1509 1074 1594 comprobandum
1091 1511 1164 1574 erit.

147 1616 354 1683 Glossemata
377 1618 476 1682 rubro
500 1619 626 1702 liquore
654 1617 696 1682 ab
721 1617 832 1682 eadem
855 1639 952 1681 manu
976 1618 1063 1701 picta
1087 1622 1166 1682 sunt
1300 1675 1303 1679 .

151 1727 248 1808 atque
271 1727 380 1788 textus
403 1729 436 1788 et
459 1724 582 1789 scholia
606 1723 810 1809 marginalia.

213 1829 259 1894 L:
286 1831 385 1895 codex
414 1832 448 1894 in
476 1830 674 1895 bibliotheca
698 1831 863 1896 senatoria
891 1831 1032 1896 civitatis
1056 1830 1163 1915 Lipsi-

145 1939 232 2002 ensis
254 1939 415 2022 repositus
435 1933 516 2024 (rep.
535 1936 560 2003 I.
579 1937 608 2002 4.
628 1933 695 2026 43),
720 1937 918 2022 chartaceus,
942 1938 1063 2003 saeculi
1082 1937 1162 2003 XIV

140 2045 302 2127 exeuntis,
330 2045 517 2128 complexus
541 2043 770 2110 Prometheum
793 2045 868 2110 inde
893 2068 912 2109 a
934 2067 963 2110 v.
984 2044 1047 2109 169
1072 2043 1163 2132 (τλη-

145 2153 315 2239 σικάρδιος
337 2150 481 2238 art.)-
500 2174 577 2216 nam
601 2155 638 2216 ut
662 2175 681 2216 a
703 2153 886 2236 posteriore
908 2174 1006 2216 manu
1030 2151 1163 2216 adnota-

144 2264 216 2324 tum
236 2264 285 2322 est
287 2263 473 2342 ,quattuor
492 2259 583 2322 circii
585 2279 620 2323 er
570 2258 719 2322 tfolia
738 2259 996 2343 deperierunt·
1002 2257 1109 2344 Sept
1111 2282 1162 2324 em

146 2365 218 2430 adv.
242 2364 386 2448 Thebas,
413 2363 541 2432 Persas.
587 2363 719 2430 Scholia
747 2369 780 2430 et
803 2365 1001 2451 glossemata
967 2365 1052 2430 tB
1077 2370 1162 2431 a·tra

146 2475 257 2536 mento
282 2416 447 2556 adscripta
471 2475 548 2536 sunt
576 2473 617 2536 ab
642 2472 754 2538 eodem
778 2473 926 2557 librario,
958 2473 1013 2557 qui
1036 2477 1162 2538 textum

146 2577 301 2644 exaravit.
339 2576 426 2642 Olim
449 2577 504 2643 hic
527 2579 610 2643 liber
628 2580 661 2642 in
680 2579 879 2646 bibliotheca
898 2578 936 2644 D.
952 2579 1047 2645 Zach.
1066 2577 1163 2646 Oonr.

145 2686 186 2750 ab
206 2684 421 2770 Uffenbaohii,
444 2689 482 2749 ut
505 2707 543 2750 ex
566 2686 758 2751 emblemate
777 2686 878 2751 fronti
896 2687 996 2751 infixo
1016 2691 1162 2772 apparet,

145 2793 296 2858 adservat
296 2815 335 2857 us
359 2795 417 2857 est.
395 2789 655 2857 tSimillimus
680 2797 729 2856 est
715 2793 855 2857 codrcr
879 2793 915 2858 G

213 2898 274 2964 His
298 2899 463 2964 codicibus
488 2899 576 2964 omni
599 2921 663 2984 qua
686 2900 833 2964 fierit
774 2903 833 2984 pot
834 2901 867 2966 ui
869 2901 1072 2986 tdiligentia
1090 2901 1163 2986 ipse

145 3028 221 3072 usus
247 3027 327 3071 sum.

213 3113 388 3178 Praeterea
412 3113 545 3178 adhibui
575 3136 613 3178 ea
641 3113 780 3197 scholia,
811 3135 892 3197 quae
915 3112 1103 3179 Dindorfius
1127 3115 1163 3179 in

130 3220 287 3286 editione
303 3217 481 3286 Oxoniensi
501 3218 544 3308 (a.
561 3217 663 3308 1851)
683 3219 838 3285 litteraB
856 3221 994 3286 notavit.
1032 3220 1162 3286 Scholia

143 3325 176 3392 B
201 3327 387 3392 Promethei
421 3331 454 3391 et
483 3326 611 3412 Septem
645 3327 828 3392 fabularum
856 3329 890 3391 in
924 3327 993 3394 cod.
1017 3329 1162 3393 Arunde-

143 3435 232 3500 liano
248 3437 369 3518 extant,
346 3433 561 3499 tPersarum
575 3434 731 3500 fabulae
721 3457 755 3498 rn
770 3435 837 3500 cod.
853 3433 937 3500 Cant
922 3434 1161 3520 tabrigiensi‚
1132 3437 1149 3499 1

143 3565 226 3609 saec.
245 3541 326 3608 XIV
349 3485 400 3607 iel
419 3540 482 3607 XV
507 3545 649 3608 exarato.
621 3538 750 3607 oSed
770 3563 843 3606 oum
861 3541 943 3606 hio'
934 3563 968 3606 m
986 3541 1050 3606 fine
1069 3564 1161 3606 man·
