2642 3872
185 774 250 838 453
284 773 444 858 ἐνταῦθα]
478 778 586 860 ἤγουν
618 780 666 856 εἰς

184 880 308 962 ταύτην
340 882 401 964 τὴν
432 892 538 967 νῆσον
562 885 597 950 L.
620 925 665 934 —

184 985 202 1050 ὁ
239 984 362 1072 Ξέρξης
398 988 469 1054 VL.
507 1029 549 1040 -
586 995 665 1070 τοὺς

184 1091 317 1176 Πέρσας
332 1093 403 1160 VL.
424 1129 469 1142 *-
487 1096 551 1162 ἀπὸ
565 1097 604 1163 V.
622 1137 660 1147 -

181 1198 248 1264 454
266 1202 346 1282 μετὰ
360 1208 494 1287 φθορᾶς
508 1204 662 1284 ἐξελθόν-

181 1327 234 1382 τες
257 1306 291 1388 L.
314 1306 513 1390 ἡττηθέντες
531 1309 603 1376 BG.
617 1347 662 1360 -

181 1412 217 1476 οί
228 1409 388 1497 Ἕλληνες
411 1415 482 1482 BG.
497 1453 540 1463 —
559 1419 606 1494 είς
619 1418 661 1483 Η.

180 1519 227 1594 είς
245 1520 307 1601 τὴν
322 1519 393 1586 BG.
417 1523 465 1600 είς
478 1524 540 1607 τὴν
553 1533 661 1609 νῆσον

180 1624 214 1690 L.
239 1663 281 1672 -
310 1625 505 1707 ἑκσώζοιντο
534 1631 575 1698 Η.
608 1631 658 1698 έκ-

179 1731 346 1810 σώζωνται
361 1735 397 1802 L.
422 1773 460 1783 -
486 1739 560 1820 ἤτοι
578 1741 659 1822 μετὰ

179 1844 313 1922 φθορᾶς
331 1839 515 1918 έξέλθωσιν
537 1845 572 1909 oc
584 1843 660 1910 Ἕλ-

177 1950 274 2028 ληνες
287 1947 325 2011 V.
341 1985 380 1994 -
397 1935 464 2014 455
478 1951 657 2033 φονεύοιεν

177 2052 214 2116 οἱ
242 2051 371 2138 Πέρσαι
398 2054 439 2119 V.
465 2093 503 2102 -
534 2057 657 2144 ῥᾳδίως

176 2159 428 2242 κρατηθέντων.
444 2161 568 2250 ῥᾳδίως
579 2189 657 2250 κρα-

175 2265 339 2349 τούμενον
362 2266 404 2332 Η.
424 2305 465 2315 -
490 2270 555 2336 456
578 2275 657 2350 τοὺς

175 2373 318 2450 οἰκείους
371 2371 522 2462 (ὁμοίους
572 2377 656 2466 cod.)

175 2477 309 2563 Πέρσας
332 2479 371 2544 V.
393 2519 437 2528 —
458 2487 655 2550 θαλασσίων

173 2583 244 2650 VL.
282 2585 346 2651 ἀπὸ
368 2599 435 2653 τῶν
457 2594 654 2657 θαλασσίων

175 2691 214 2758 Η,
235 2730 277 2741 -

172 2835 236 2900 457
273 2849 409 2903 σκοπῶν
442 2837 651 2906 VHBG.-

172 2939 241 3006 ἐπεὶ
257 2941 403 3007 VHBG.
427 2982 469 2992 —
494 2945 652 3012 ὁΠοοει-

171 3047 240 3112 δῶν
255 3047 294 3112 V.
311 3086 352 3096 —
371 3049 438 3116 458
457 3051 575 3138 μάχης]
594 3054 650 3118 διὰ

170 3153 210 3217 Η.
244 3162 301 3237 τῆς
328 3160 514 3242 ναυμαχίας
536 3158 575 3224 V.
607 3198 649 3206 —

170 3259 271 3339 δόξαν
319 3260 455 3327 VBGL
502 3262 650 3354 (κράτος,

168 3364 336 3452 ὑπεροχὴν
366 3369 436 3434 add.
466 3370 584 3459 BGL).
610 3410 647 3422 -

168 3473 233 3537 459
258 3473 341 3559 αὐτῇ
366 3484 406 3560 τῇ
429 3476 535 3566 ἡμέρᾳ
548 3478 588 3544 V.
606 3495 649 3527 '—

717 994 784 1086 4⁵³
808 994 826 1060 ὁ
849 993 973 1082 νοω
995 995 1079 1086 (ο).
1106 1037 1143 1048 -

668 1265 670 1270 s
716 1206 783 1273 454
801 1207 876 1274 ἀντὶ
889 1219 951 1275 τοῦ
968 1213 1049 1296 μετὰ
1063 1218 1197 1298 φθορᾶς

717 1310 898 1392 ἐξέλθοιεν.
923 1353 965 1364 -

707 2839 772 2906 457
797 2853 931 2908 σκοπῶν
954 2840 1035 2932 (gl.).
1062 2882 1099 2891 —

705 3054 771 3121 458
794 3064 852 3138 τῆς
873 3061 1065 3142 ναυμαχίας.
1093 3098 1130 3107 -
