2628 3892
166 159 245 208 LXII
485 159 695 211 ADNOTATIO
716 158 869 212 omncs.

168 323 229 372 794.
248 321 309 372 869.
329 321 390 370 990.
427 315 614 370 Miserrimem
629 314 848 405 explicationem
863 315 982 370 inseruit
996 315 1045 370 alt.
1061 315 1118 370 sch.
1131 323 1183 372 747

166 384 194 456 (ἢ
213 387 251 449 ὡς
269 385 312 442 ότι
330 390 411 441 θεῖαι
429 385 563 456 δυνάμεις
582 383 762 455 ίντεκωδηντο
785 385 977 456 φυλάττουσαι
995 388 1061 450 τούς
1078 385 1184 451 τόπους

166 457 215 521 οὓς
233 460 352 527 διῆλθεν
370 457 388 526 ἡ
404 455 473 526 Ἰώ),
500 465 550 513 667
580 455 607 528 (ἢ
636 456 792 526 ἀνεπτέροο
819 457 869 512 καὶ
891 457 1047 528 ταχύτατον
1071 453 1183 530 ἐποίει),

167 536 217 584 791
238 526 265 599 (ἢ
283 535 386 598 πεῖραν
405 527 456 598 τὴν
476 528 528 602 did
546 532 601 599 ην),
621 533 679 584 sch.
695 535 755 584 434.
776 530 834 583 sch.
851 536 900 584 197
916 528 964 596 (εδ
981 529 1036 584 hoc
1051 529 1184 584 adhibuit

164 601 203 669 gl.
223 602 306 669 quale
325 603 402 656 extet
419 599 450 653 in
468 599 520 654 BG
553 625 559 655 ι
579 603 736 663 δεικτικῶς·
758 597 790 655 όν
808 600 909 670 ταύτῃ,
928 607 962 670 τῇ
981 601 1060 675 δεξιᾷ
1072 601 1181 726 ἕδεικτ.

165 689 220 726 om.
235 671 272 740 B,
296 668 327 728 ἐν
347 689 401 726 om.
417 671 474 742 (ἦ).
510 671 575 726 Vile
599 671 825 726 additamentum
849 676 893 725 est
911 671 969 726 sch.
988 679 1038 726 761
1087 689 1130 726 στι
1148 670 1182 728 δὲ

167 742 182 797 ὁ
201 740 282 812 λόγος
301 740 331 799 ἐν
351 742 491 812 εἰρωνεία,
509 743 566 798 sch.
581 749 634 798 438
650 739 881 798 όναττολόλειπται
896 740 926 797 δὲ
941 743 972 797 τὸ
988 744 1116 812 δίμοιρον
1130 751 1182 797 τοῦ

164 822 263 880 κακοῦ,
283 814 348 868 vilis
367 798 566 904 interpietatio
587 815 644 868 sch.
660 819 712 868 660
731 815 864 885 δοκίμως]
878 812 963 880 ὀξέως
981 813 1030 868 καλ
1048 813 1182 884 μεγάλως,

167 883 420 1011 οούλτρΗΟἷΞὲρξης
439 885 621 956 ερμηνεύεται
640 885 906 955 στρατηγικώτατος·
929 885 974 939 διδ
993 884 1042 939 καὶ
1059 885 1182 956 θούριον

164 976 183 1009 α’
203 977 218 1010 τ
236 977 253 1011 λ’
272 976 360 1011 Emit.

237 1027 364 1096 Speciem
384 1027 541 1092 doctrinae,
565 1043 650 1095 qnam
669 1027 841 1082 simulabant
863 1027 911 1082 isti
931 1027 1118 1096 grammatici,
1137 1026 1181 1081 in·

166 1097 246 1152 venis
270 1101 327 1154 sch.
343 1103 404 1163 967,
432 1098 482 1152 ubi
506 1098 648 1153 Homerici
670 1098 727 1154 loci
750 1099 886 1164 citantur,
914 1103 944 1153 et
967 1099 1024 1154 sch.
1039 1104 1104 1166 240,
1131 1098 1182 1153 ubi
1250 1165 1254 1176 δ

166 1166 230 1223 ἔνια
253 1177 309 1224 τῶν
332 1168 515 1239 ἀντιγράφων
539 1169 698 1224 afferuntur.
740 1168 781 1223 De
806 1169 892 1225 variis
919 1169 1089 1226 lectionibus
1115 1172 1182 1224 sunt

164 1241 223 1296 seh.
243 1247 285 1294 62.
306 1246 366 1297 276.
385 1246 446 1296 284.
467 1248 527 1295 931.

235 1311 318 1366 Aliae
342 1312 575 1381 interpolationes
599 1313 640 1366 ita
663 1314 843 1381 comparatae
866 1313 945 1378 sunt,
971 1315 1004 1367 ut
1021 1311 1046 1365 is
1065 1311 1116 1380 qui
1133 1329 1180 1367 eas

164 1383 278 1454 scripsit
301 1385 352 1437 aut
373 1384 436 1452 ipso
459 1382 532 1437 libro
551 1383 580 1436 Μ
600 1385 651 1437 aut
669 1383 783 1438 scholiis
802 1383 830 1436 M
849 1383 880 1438 in
898 1381 993 1452 aliquo
1016 1383 1113 1438 codice
1132 1399 1179 1438 ex-

164 1455 253 1510 aratis
272 1472 339 1508 usus
358 1470 419 1508 esse
438 1454 549 1509 debeat.

233 1526 306 1580 Nam
326 1527 384 1580 sch.
402 1535 413 1579 1
434 1527 464 1578 in
482 1527 535 1578 fine
555 1525 655 1579 eadem
673 1525 792 1592 praebet
810 1527 832 1580 P
851 1541 924 1594 quae
943 1527 986 1592 M,
1009 1542 1073 1580 cam
1091 1526 1178 1595 vulgo

163 1599 193 1651 et
210 1596 241 1650 in
251 1596 332 1652 OVH
341 1613 411 1651 vera
423 1597 554 1666 legantur
567 1596 654 1650 verba
665 1595 821 1666 Byzantini,
837 1599 884 1666 qui
894 1596 1041 1666 archetypi
1051 1595 1179 1651 scholion

163 1684 178 1722 e
198 1666 400 1722 consuetudine
419 1683 471 1721 sua
488 1666 668 1735 permutavit.

232 1739 303 1792 Tum
327 1737 436 1792 scholio
456 1743 508 1793 694
531 1738 664 1792 discimus
688 1738 906 1807 grammaticum
928 1739 1040 1794 novisse
1058 1738 1177 1793 Medicei

161 1809 314 1864 lectionem
332 1813 444 1879 τάχυνε,
464 1827 526 1862 cum
544 1811 666 1879 genuino
687 1808 794 1864 scholio
814 1805 936 1880 ε’τύχυνα
955 1810 1118 1879 explicetur.

235 1882 292 1935 sch.
308 1887 359 1935 937
378 1880 578 1950 grammaticus
592 1880 648 1935 iste
663 1897 678 1934 e
693 1881 781 1936 schol.
795 1881 825 1934 M
840 1882 960 1951 sumpsit
976 1881 1177 1952 προσφόνησίν

163 1970 207 2008 σοι
230 1951 319 2023 ἤγουν
343 1950 508 2022 γαιρέτισμα
530 1950 641 2023 πέμψω.
684 1951 739 2006 Sed
766 1951 949 2022 Byzantinus,
978 1953 1028 2020 qui
1054 1954 1178 2022 genuina

162 2023 271 2078 scholia
290 2024 455 2094 composuit,
475 2025 629 2080 recentiore
643 2022 717 2079 libro
731 2039 798 2078 usus
814 2026 850 2094 (v,
865 2043 892 2094 p.
907 2023 1010 2093 XXXI)
1028 2023 1177 2080 lectionem
1192 2095 1194 2099 .

55 2162 60 2170 .
159 2095 215 2166 πρὸ
235 2093 366 2166 φθόγγου
385 2095 508 2166 expedit.

232 2167 289 2221 ech.
309 2172 360 2220 541
381 2167 403 2219 P
426 2167 526 2224 habet:
550 2168 767 2237 κατασχίζουοαι
786 2161 982 2236 ἐνεργητικῶς·
1008 2161 1102 2236 ἐρείκη
1121 2165 1175 2236 γάρ

160 2233 234 2292 ἐστιν
254 2235 330 2300 εἶδος
348 2246 439 2307 φυτοῦ
459 2239 612 2307 stapleton,
632 2237 666 2291 cf.
686 2239 742 2292 sch.
763 2239 799 2293 M.
832 2238 933 2292 Posset
950 2240 1047 2290 tamen
1064 2237 1176 2307 abipso

160 2308 317 2376 Byzantino
336 2308 389 2363 hoc
409 2310 544 2377 scriptum
563 2307 690 2374 iudicari,
709 2307 763 2362 nisi
777 2309 932 2378 accederet,
947 2308 1023 2376 quod
1037 2309 1094 2364 sch.
1107 2315 1174 2364 1061
1223 2351 1226 2358 .

161 2380 192 2434 τὸ
211 2377 243 2433 δὲ
264 2374 361 2447 όρεύκω
380 2378 411 2433 τὸ
431 2381 513 2448 σχίζω
527 2386 670 2448 παρῆκται
683 2379 741 2434 one
755 2388 805 2434 τοῦ
820 2375 914 2450 ἐρείκη
930 2379 998 2450 ὅπερ
1014 2374 1071 2434 ἐστὶ
1085 2380 1176 2450 φυτὸν

160 2449 306 2520 εύσγιοτον
330 2451 399 2504 item
423 2451 451 2504 in
472 2467 529 2504 ano
548 2450 609 2505 cod.
624 2450 646 2502 P
664 2449 815 2506 invenitur.
852 2450 932 2506 Unde
952 2451 1056 2520 duplex
1074 2451 1110 2506 ab
1129 2467 1176 2506 eo-

160 2521 225 2576 dem
239 2521 442 2591 interpolatore
456 2521 534 2575 facta
547 2519 732 2590 interpolatio
747 2521 876 2578 efficitur.
946 2587 949 2592 Ι

141 2652 145 2658 ,
229 2591 356 2660 Denique
376 2593 433 2646 sch.
455 2598 523 2646 1055
549 2587 591 2647 τό
604 2593 719 2648 Μύσιον
742 2593 824 2663 με’λος
846 2591 972 2648 τουτέστι
989 2593 1021 2647 τὸ
1039 2596 1174 2663 θρηνητι-

158 2662 222 2720 κόν·
256 2661 286 2718 οἱ
310 2662 364 2732 γύιρ
391 2664 487 2718 Μυσοὶ
510 2663 560 2718 καὶ
583 2661 613 2718 ολ
635 2664 740 2734 Φρύγες
761 2663 880 2734 μάλιστά
899 2663 953 2719 slot
970 2664 1174 2734 δρηνητικολο

159 2737 216 2790 sch.
235 2735 264 2788 M
288 2733 318 2790 ού
333 2735 387 2806 γὰρ
410 2734 507 2790 Μυσοὶ
529 2735 578 2789 καλ
602 2733 631 2790 ολ
653 2735 760 2806 Φρύγες
788 2734 841 2790 elul
864 2734 984 2806 μάλιστα
1005 2735 1175 2806 δρηνητικολ

158 2806 296 2876 originem
315 2807 433 2876 accepit.

229 2877 364 2932 Venimus
392 2895 466 2932 nuuc
495 2878 532 2931 ad
550 2879 611 2932 cod.
632 2877 669 2945 0,
693 2877 723 2932 in
746 2893 801 2946 quo
825 2877 916 2932 multo
935 2877 1069 2947 pauciora
1086 2876 1173 2932 inter-

158 2949 256 3018 polata
266 2953 341 3004 sunt.
367 2950 439 3004 Nam
449 2952 561 3018 praeter
575 2966 616 3017 ea,
631 2967 704 3016 quae
718 2966 782 3003 cum
796 2949 889 3005 codP
904 2950 1064 3004 communia
1077 2947 1173 3017 habet,

157 3020 240 3073 haec:
269 3018 376 3074 scholio
395 3025 447 3074 411
467 3021 613 3090 praecedit
634 3020 830 3089 interpretatio
863 3036 935 3088 quae
959 3037 1048 3088 esqq.
1071 3019 1175 3074 hausta

159 3093 212 3157 est,
232 3089 339 3145 scholio
355 3097 407 3146 776
426 3091 524 3146 additu
543 3095 587 3146 est
605 3108 676 3160 quae
691 3109 726 3146 ex
740 3092 887 3148 antecedd.
903 3091 1077 3161 deprompta.
1106 3091 1174 3144 Per-

157 3177 237 3216 verse
261 3161 321 3216 sch:
338 3168 390 3216 996
414 3164 448 3218 de
473 3161 571 3231 aquila
598 3163 698 3232 templi
721 3161 861 3232 Apollinis
888 3161 1001 3218 dicitur.
1038 3162 1101 3218 Sch.
1121 3168 1173 3218 885

160 3233 206 3300 (de
222 3232 313 3286 Lesbo
332 3232 435 3302 insula)
455 3233 488 3288 cf.
505 3251 568 3288 cum
583 3232 662 3287 Euat.
673 3250 772 3288 comm.
787 3233 818 3286 in
831 3232 945 3302 Dionys.
955 3234 1063 3302 Perieg.
1074 3251 1099 3288 v.
1111 3239 1173 3290 bae.

157 3304 221 3358 Sch.
241 3307 293 3357 978
316 3301 421 3428 gigartc
445 3304 553 3358 dictum
576 3306 632 3372 est,
656 3304 731 3358 unde
754 3303 950 3373 interpolatio,
974 3321 1011 3360 sc.
1031 3321 1066 3358 ex
1084 3305 1172 3360 schol.

157 3377 192 3432 Se
214 3379 233 3429 t.
249 3378 301 3429 666
362 3415 368 3430 ,
608 3383 610 3390 ’

194 3394 260 3500 plu
280 3443 302 3499 0
322 3447 352 3498 et
369 3443 391 3497 P
410 3445 478 3500 etV
496 3444 684 3514 interpolatus
703 3447 747 3498 est
766 3444 828 3498 finis
848 3444 935 3502 schol.
951 3449 1012 3514 924,
1032 3445 1081 3500 ubi
1095 3448 1173 3500 ante·

157 3518 238 3574 cedd.
252 3515 340 3572 verba
358 3513 417 3569 fere
435 3517 609 3584 repetuntur.
