2642 3872
583 194 740 246 SOHOLIA

220 713 285 776 716
331 711 376 788 ὡς
404 709 440 776 ἐν
469 711 623 798 συντόμῳ
651 712 740 798 λόγῳ
769 712 962 795 περιλαβεῖν
984 705 1040 774 καλ
1062 709 1169 774 εἰπεῖν

148 819 346 902 συλλήβδην
369 817 486 884 πάντα.
532 814 655 895 ὡς’καὶ
677 817 767 901 παρὰ
789 824 834 904 τῷ
858 816 1027 902 Εὐριπίδῃ
1048 813 1168 902 (Orest.

150 949 179 991 v.
203 923 250 1012 1):
274 923 353 990 *οὐκ
376 927 467 990 ἔστιν
490 919 593 990 οὐδὲν
617 925 731 990 δεινὸν
754 918 814 990 ὧδ’
840 924 946 989 είιτείν
969 921 1072 1000 ἔκυς’.

223 1069 238 1118 1
258 1065 325 1119 ante
344 1063 381 1127 ὡς
399 1059 430 1118 ἐν
448 1063 477 1117 in
496 1062 535 1118 V:
559 1061 790 1134 διαπεπόρθηται
810 1061 905 1118 τιοίντα
923 1061 959 1116 τὰ
976 1070 1032 1116 τῶν
1050 1063 1168 1132 Περσῶν

147 1134 302 1261 Ξρᾴγφατα
329 1166 364 1176 -
392 1143 408 1190 ‘2
435 1131 531 1190 πάντα
559 1133 716 1208 συλλήβδην
741 1136 765 1190 V
794 1165 828 1174 -
856 1141 872 1190 3
906 1134 958 1188 οὐκ
986 1131 1043 1188 ἔστι
1070 1132 1167 1189 δεινδν

219 1425 283 1489 717
331 1423 501 1508 <στοίσιςε>
532 1423 673 1508 ταραχή,
706 1419 868 1508 ἐμφύλιος
896 1423 1046 1506 πόλεμος.
1092 1417 1168 1486 ἀντὶ

147 1526 232 1614 <δὲ>
251 1537 313 1596 τοῦ
332 1531 449 1615 φθορὰ
467 1523 538 1595 εἶπε
556 1531 717 1612 σκηπτόν·
736 1529 781 1606 ὡς
800 1529 863 1614 γὰρ
878 1526 1014 1611 ἐκεῖνος,
1033 1532 1068 1593 εί
1075 1549 1169 1606 τινος

147 1636 388 1723 ἐπιδράττεται,
407 1638 493 1702 καίει
511 1632 568 1702 καὶ
587 1637 722 1721 φθείρει
743 1632 798 1700 καὶ
817 1635 981 1720 ἀφανίζει,
1005 1630 1167 1700 οὕτωκαὶ

146 1743 316 1828 δλοτμός.
360 1741 528 1830 vulgoDd.

215 2100 279 2165 719
315 2095 497 2184 Ἡρόδοτος
521 2095 549 2178 ζ’
571 2115 654 2184 φησι
676 2100 810 2186 Δαρείῳ
835 2092 922 2164 εἶναι
941 2097 1074 2178 παῖδας,
1091 2088 1166 2160 Ἑλ-

144 2207 282 2282 λάνικος
306 2201 344 2271 δὲ
367 2201 426 2272 ια’.
469 2203 510 2270 V.

91 2411 93 2415 ¹
219 2351 233 2399 1
254 2338 325 2399 ἓιττδι
346 2343 369 2397 V

216 2559 294 2642 [ibd.
340 2557 475 2644 λέγουσι
505 2560 566 2626 τὸν
595 2565 745 2645 Δαρεῖον
775 2557 948 2644 ἐσχηκέναι
977 2558 1098 2642 παίδας
1124 2554 1166 2640 ζ’,

145 2665 300 2754 Σμέρδιν
323 2663 379 2732 καὶ
402 2666 526 2743 ἄλλους
549 2667 736 2752 διαφόρους
759 2665 823 2732 ἀπὸ
847 2666 1022 2751 διαφόρων
1041 2668 1166 2730 παλλα-

145 2786 225 2857 κῶν,
259 2772 320 2839 τὸν
348 2771 476 2857 Ξέρξην
503 2769 540 2838 δὲ
568 2773 612 2857 μὴ
641 2783 733 2857 σχεῖν
760 2773 863 2838 παῖδα
890 2771 927 2838 ἐν
949 2779 987 2858 τῇ
1011 2774 1165 2856 βασιλικῇ

146 2881 251 2966 ἀρχῇ,
284 2878 321 2956 ὃς
351 2876 407 2944 καὶ
433 2881 591 2963 βασιλεὺς
618 2877 845 2966 ἀνηγορεύθη·
877 2881 981 2964 νόμος
1012 2874 1074 2963 μὲν
1100 2877 1165 2962 γὰρ

117 2998 216 3064 ττοῑς
244 2983 393 3070 Πέρσαις
419 2986 479 3052 τὸν
506 2996 639 3069 πρῶτον
666 2987 743 3052 υίὸν
769 2996 831 3052 τοῦ
858 2983 1020 3069 βασιλέως
1047 2983 1165 3070 ἀναγο·

147 3095 308 3174 ρεύεσδαι
342 3091 490 3176 βασιλέα.
528 3095 736 3179 τιροετιμήδη
766 3089 804 3159 δὲ
836 3091 854 3158 ὁ
883 3089 1019 3178 Ξέρξης,
1052 3093 1084 3158 εί
1110 3088 1166 3158 καὶ

145 3200 285 3284 ὕστερος
308 3194 363 3284 ἦν,
391 3199 446 3263 διδ
469 3198 507 3263 τὸ
531 3197 569 3264 ἐν
590 3207 630 3284 τῇ
653 3200 806 3286 βασιλεία
829 3205 1044 3283 γεννηθῆναι.
1086 3195 1167 3264 ἑπτὰ

144 3301 210 3372 οὖν
243 3306 351 3371 ὄντων
382 3314 450 3370 τῶν
481 3305 566 3371 υίῶν
595 3307 745 3390 Δαρείου
773 3301 828 3370 καὶ
856 3304 898 3371 οὐ
926 3305 1078 3391 <μόνου>
1104 3312 1167 3370 τοῦ

198 3493 412 3623 υ2])Σ(’1ριε’ρδινΡο
431 3495 563 3568 Σμίρδην
592 3515 661 3554 corr.
680 3497 734 3552 Dd.
763 3529 797 3540 -
826 3497 898 3569 Βμὴ
919 3495 993 3568 ἔχειν
1012 3497 1048 3568 0,
1076 3495 1166 3568 μόνον

202 3590 223 3624 ν
289 3610 295 3624 .
317 3584 351 3622 ex
411 3597 444 3608 —
