2642 3872
150 144 213 208 178
580 146 738 201 SGHOLIA

147 304 201 372 καὶ
231 308 313 373 κατὰ
339 297 418 386 τοὺς
445 319 513 373 τῶν
537 313 680 393 Περσῶν
707 309 832 390 νόμους
854 306 1086 372 πολιτεύονται
1108 329 1166 369 κα-

148 415 213 480 ὑπὸ
234 425 301 480 τῶν
315 419 459 500 Περσῶν
475 415 634 500 ἄρχονται
647 411 703 480 καὶ
718 414 933 479 διιθύνονται
947 408 1027 479 οὐδὲ
1043 409 1165 496 δασμοὶ

148 530 293 607 φοροῦσι
315 519 371 587 καὶ
388 532 459 599 τοῖς
477 522 606 588 τέλεσιν
623 521 826 604 ὑπόκεινται,
850 519 871 584 δ
890 522 970 596 ἔθος
987 514 1030 602 ἦν
1051 518 1165 594 αὐτοῖς

148 630 280 695 διδόναι
303 639 373 720 τοῖς
395 631 564 714 ἄρχουσιν.
611 628 810 714 ἐφθάρησαν
833 627 905 713 γαίρ.

148 795 163 842 6
182 788 248 850 τοὺς
267 804 322 844 om.
336 786 362 841 V
377 817 411 826 -
429 794 485 841 τῶν
505 803 558 840 om.
573 786 661 856 vulgo
681 817 714 826 —
734 793 750 841 8
769 783 858 840 τέλεσι
876 753 1059 852 πρόσκεινται
1076 782 1164 852 vulgo

147 862 214 926 (non
233 860 266 913 ub
283 859 335 913 Dd.
356 857 420 912 adn.
439 859 658 927 προκεῖνταιΠ,
681 854 771 912 τέλεσι
794 854 959 926 πρόκεινται
978 857 1012 924 Η,
1031 853 1165 910 ὑπόκειν-

146 950 194 984 ται
211 929 264 985 Dd.
285 929 360 985 exP
381 961 409 969 -
433 935 449 983 9
469 925 641 998 ἐφθάρησαν
658 927 713 1000 γὰρ
733 945 787 982 om.
803 929 835 986 P.

212 1591 275 1656 591
320 1588 390 1654 οὔτ’
407 1588 440 1665 ἐς
462 1597 540 1672 γᾶνι
565 1589 642 1654 οὔτε
665 1590 712 1666 είς
735 1589 796 1671 τὴν
815 1595 880 1672 γῆν
898 1545 1161 1668 προσπίπτοντες

143 1699 250 1781 ἤγουν
277 1703 547 1782 προσκυνοῦντες
574 1696 634 1760 τὸν
660 1693 798 1779 βασιλέα
821 1693 978 1778 ἄρξονται
1001 1690 1056 1758 καὶ
1078 1692 1161 1758 ὑπο-γ

143 1805 373 1888 κλιδησονται.
422 1803 443 1886 ἡ
475 1804 539 1888 γὰρ
572 1803 726 1886 βασιλικὴ
761 1804 854 1888 ἰσχὺς
887 1802 999 1868 ὤλετο.
1050 1799 1160 1865 ίστίον

144 1909 196 1994 δέ,
230 1911 281 1976 ὅτι
312 1911 350 1976 τὸ
384 1913 535 1994 βασιλεία
566 1907 622 1976 καὶ
654 1911 695 1976 τὰ
726 1919 863 1976 τοιαῦτα
890 1908 998 1974 πάντα
1025 1909 1160 1990 κτητικδ

116 2018 271 2104 σμακρὸν
295 2019 421 2102 ἔχειτί)
444 2021 475 2082 α.
683 2015 685 2019 ’

214 2174 299 2229 λκαλ
316 2191 367 2243 pro
386 2173 475 2244 ἤγουν
493 2175 520 2228 Η
544 2206 575 2214 -
604 2181 794 2244 προσκυνοῦσι
814 2177 878 2239 (om.
897 2170 1033 2242 ἤγουνΠ
1053 2205 1084 2212 -
1110 2171 1159 2226 καὶ

142 2246 237 2301 om.V
258 2277 290 2286 -
310 2254 326 2300 3
345 2246 431 2301 verba
450 2243 542 2300 ἰστέον
561 2242 593 2300 δὲ
613 2261 635 2302 e.
651 2263 678 2314 q.
693 2262 715 2300 ε.
731 2243 828 2298 addidi
847 2243 917 2299 exV.

209 2443 275 2510 594
286 2465 353 2529 sqq.
390 2439 464 2509 οὐδ’
486 2445 534 2508 ε”τι
557 2447 705 2525 γλῶσσαι
729 2439 803 2506 οὐδ’
823 2444 870 2506 ἔτι
889 2441 908 2526 ἡ
927 2451 995 2506 τῶν
1014 2445 1157 2525 Περσῶν

140 2555 275 2634 γλῶσσα
312 2549 349 2615 ἐν
385 2555 559 2634 φυλακαῖς.
618 2547 847 2634 ηλευθέραται
884 2551 947 2632 γὰρ
989 2548 1100 2613 αὐτῶν
1135 2547 1156 2631 ἡ

139 2662 275 2741 γλῶσσα
297 2659 380 2743 πρὸς
402 2659 440 2722 τὸ
464 2667 664 2741 κακηγορεῖν
683 2653 828 2738 βασιλέα.
867 2652 990 2721 οὐδένα
1009 2656 1073 2737 γὰρ
1092 2663 1157 2719 νῦν

140 2766 292 2830 δεδίασιν
317 2765 352 2829 οί
371 2763 524 2847 ὑπήκοοι,
549 2763 600 2829 ὅτι
619 2763 637 2829 ὁ
656 2764 735 2840 λαὸς
754 2747 859 2846 ἐλόθη
878 2760 933 2827 καὶ
953 2764 1071 2828 ἔλυσεν
1090 2760 1155 2826 ὑπὸ

111 2879 197 2954 στῆς
220 2871 324 2936 αὐτοῦ
347 2871 520 2955 δυνάμεως
542 2871 602 2935 τὸν
627 2873 736 2953 ζυγόν,
768 2865 828 2952 ὑφ’
856 2863 897 2934 οὗ
921 2871 1092 2954 συνείχετο
1115 2869 1156 2934 τὰ

138 2983 275 3043 πλεῖστα
298 2975 353 3043 καὶ
375 2977 583 3042 ὑπεκλίνετο·
606 2975 627 3060 ἣ
651 2979 747 3042 ἔλυσε
770 2977 830 3041 τὸν
854 2977 953 3058 ζυγὸν
976 2983 1034 3059 τῆς
1055 2974 1157 3058 ἀλκῆς

138 3086 211 3168 ἤτοι
234 3094 292 3169 τῆς
315 3087 486 3168 βασιλικῆς
510 3084 694 3168 δυνάμεως·
728 3083 835 3168 ἡγὰρ
859 3083 1013 3166 βασιλικὴ
1038 3083 1155 3147 διόλω-

212 3249 225 3295 1
245 3241 277 3296 τὸ
297 3239 329 3296 δὲ
348 3239 443 3296 οόδέτι
461 3245 571 3311 γλῶσσα
589 3238 677 3310 ἤγουν
697 3238 792 3295 οὐδέτι
809 3239 836 3294 V
856 3273 887 3282 -
908 3217 930 3295 2ι
942 3238 996 3309 γὰρ
1016 3237 1087 3307 αότὴ
1106 3239 1156 3292 καὶ

137 3313 283 3439 gyssam
301 3312 335 3380 V,
363 3313 417 3382 γὰρ
441 3314 536 3377 αὐτοις
558 3312 576 3382 ἡ
595 3317 704 3382 γλῶσσα
722 3311 866 3382 vulgoDd.
890 3345 922 3352 -
951 3318 967 3366 3
987 3318 1155 3380 κατηγορεῖν

168 3383 221 3439 PV
240 3415 273 3425 -
292 3389 310 3437 4
329 3386 492 3439 δεδοίκασιν
511 3385 534 3438 0
554 3416 586 3424 -
612 3382 654 3438 ὅτι
676 3382 743 3447 λαὸς
760 3383 904 3454 vulgoDd.
926 3414 963 3424 -
985 3382 1034 3436 καὶ
1058 3381 1155 3437 ἔλυσεν

136 3455 223 3598 γρᾷρρ
240 3473 305 3581 ραι.
331 3486 365 3496 -
394 3462 410 3509 6
438 3455 487 3510 καὶ
514 3456 678 3511 ὑπεκλίνετο
700 3451 718 3522 ἢ
743 3452 822 3510 ἔλυσε
845 3455 894 3510 καὶ
916 3455 1079 3509 ὑπεκλίνετο
1104 3453 1155 3508 τὸν
