2626 3870
546 219 585 270 IN
603 220 635 273 V.
655 221 804 272 298-302.

167 380 232 446 298
257 374 327 444 εἰπὲ
350 379 390 444 V.
417 416 455 424 -
484 377 648 461 ἀντιστάς,

168 509 264 571 super
293 486 377 571 quod
411 482 466 552 καὶ
495 485 649 551 ἐναντίον

168 593 251 677 ἐμοῦ
282 593 323 657 V.
383 594 430 668 εἰς
475 594 649 676 εἰρηναίοιν

167 699 369 764 κατάστασιν
383 697 495 764 ἐλθὼν
509 699 550 764 Η.
575 697 649 764 ἀντὶ

167 815 228 871 τοῦ
243 807 290 883 εἰς
307 806 508 871 κατάστασιν
523 805 653 872 ἐλθών.

168 912 306 998 ἐθρήνει
348 913 412 999 χάρ
457 912 551 980 BLG
596 908 648 1000 (τὸ
688 923 691 926 ’

168 1021 330 1097 καταστὰς
362 1025 437 1086 ante
471 1017 545 1086 ἀντὶ
578 1020 649 1085 οόό.

168 1126 220 1214 G).
246 1164 284 1174 -
309 1133 448 1212 θρηνεῖς
461 1127 500 1193 V.
523 1165 561 1174 -

169 1768 234 1832 299
257 1768 445 1853 κλαύσομεν
464 1768 504 1834 V.
527 1806 564 1814 —

169 1873 235 1938 300
262 1883 329 1938 τῶν
356 1873 539 1959 ἡγεμόνων.
585 1873 649 1940 ἀπὸ

168 1988 229 2045 τοῦ
261 1989 328 2044 τῶν
360 1983 450 2044 λαῶν
477 1981 591 2064 ἀρχειν
609 1980 651 2046 V.

169 2084 234 2150 ἀπὸ
271 2095 338 2150 τῶν
378 2084 549 2171 ἀρχόντων
589 2095 650 2152 τοῦ

169 2196 253 2257 λαοῦ
282 2191 323 2256 Η.
368 2201 437 2257 τῶν
478 2191 649 2278 ἀρχόντων

168 2311 236 2364 τῶν
255 2304 346 2365 λαῶν
364 2299 385 2384 ἣ
402 2307 460 2383 τῆς
474 2303 564 2376 λείας
577 2301 650 2384 ἤτοι

169 2418 236 2473 τῶν
256 2405 421 2492 βασιλέων
441 2406 478 2473 G.
511 2418 578 2472 τῶν
597 2406 651 2494 ἀρ-

169 2516 299 2598 χόντων
316 2510 372 2580 καὶ
391 2513 565 2599 ἡγεμόνων
583 2525 651 2580 τῶν

169 2626 260 2686 λαῶν
275 2622 399 2706 (κακῶν
413 2617 496 2708 οοό.)
512 2620 547 2685 L.
575 2619 650 2704 ἡγε-

169 2730 282 2812 μόνων
314 2738 381 2793 τῶν
413 2731 505 2792 λαῶν
536 2725 573 2790 Β.
611 2764 646 2773 -

169 2833 224 2900 καὶ
255 2837 406 2921 βασιλείᾳ
430 2833 470 2899 V.
496 2870 535 2879 -
566 2831 650 2918 ἀρχῇ

1118 218 1179 283 101

703 380 768 446 298
787 380 962 457 amande:
982 380 1182 446 κατάστασιν

702 494 764 552 τοῦ
786 487 942 570 θορύβου
965 486 1087 571 λαβών.
1105 524 1141 533 -

704 1231 767 1296 299
792 1233 842 1308 τίς
865 1230 906 1296 οὐ
928 1229 1105 1316 τέθνηκενε
1128 1257 1185 1298 κο-

703 1341 768 1415 λῶς
786 1347 919 1423 πρῶτον
932 1336 1008 1423 περὶ
1022 1348 1089 1404 τῶν
1105 1340 1184 1418 ζών-

702 1466 770 1508 των
794 1443 900 1532 ἐρωτᾷ
923 1445 968 1523 ὡς
985 1445 1109 1530 ὀλίγων
1128 1447 1183 1511 όν-

703 1573 782 1636 των,
805 1553 982 1637 παρίστησι
1009 1548 1046 1617 ἀὲ
1069 1549 1184 1618 καὶτὸ

703 1663 833 1744 πλῆθος
878 1669 945 1726 τῶν
994 1658 1185 1726 ἀποθανόν-

703 1789 780 1831 των.
807 1803 845 1813 -
931 1759 937 1768 ’

705 1873 771 1938 300
794 1876 885 1938 λαῶν
908 1873 1078 1958 ἀρχόντων
1101 1871 1185 1962 (gl.).

704 2016 748 2025 -
771 1978 962 2064 ἀρχελείωνε
995 1990 1062 2045 τῶν
1089 1983 1184 2064 βασι-

704 2083 800 2168 λέων,
829 2085 892 2152 ἀπὸ
918 2094 980 2152 τοῦ
1002 2098 1070 2153 τῶν
1092 2091 1184 2153 λαῶν

704 2193 825 2280 ἀρχειν.
849 2230 885 2241 -

170 2940 268 3005 GHB
289 2939 386 3027 (ἀρχὴ
405 2940 447 3005 Η.
482 2936 537 3004 καὶ
560 2938 651 3018 ἐξου-
748 2975 755 2992 ·

170 3050 226 3133 σίᾳ
258 3048 328 3112 add.
356 3044 404 3135 Β).
431 3082 470 3094 -
499 3047 561 3112 301
593 3047 659 3123 ἀν-Ι

170 3155 311 3234 ανδρον]
350 3156 397 3231 εἰς
430 3157 506 3219 τίνοι
538 3153 579 3218 Η.
606 3192 650 3200 -

169 3261 275 3342 ἤγουν
312 3261 526 3347 πολύανδρον
567 3260 650 3346 ἠφά-

170 3369 238 3445 νιζε
252 3367 291 3432 V.
312 3405 354 3412 —
375 3369 498 3452 ἔρημον
517 3366 650 3452 ἐποίησε

170 3472 212 3538 Η.
255 3476 379 3558 ἔρημον
403 3479 454 3538 εἰά
474 3473 512 3539 G.
534 3510 571 3520 -

170 3582 235 3647 302
247 3580 361 3666 <φ>ῶς
371 3579 410 3646 V.
426 3581 464 3645 τὸ
479 3591 550 3665 φῶς
559 3579 594 3645 L.
609 3619 646 3628 -
