2642 3872
140 183 205 248 184
570 188 727 242 scflomA

206 350 270 414 617
318 347 484 435 ἀκήρατόν
506 373 541 414 τε
560 351 678 416 ποτὸν;
701 350 803 434 γάνος
826 351 902 416 τόδε
926 349 990 416 ἀπὸ
1014 360 1073 435 τῆς
1095 376 1159 436 μη-

138 457 216 540 τρὸς
237 463 296 540 τῆς
314 461 454 533 παλαιᾶς
473 455 634 541 ἀμπέλου,
658 455 826 542 ἀκήρατον
843 459 958 540 ποτόν,
982 457 1041 523 τὸν
1061 452 1158 524 οἶνον

139 562 227 647 λέγει
250 564 310 628 τὸν
334 565 452 648 έχοντα
475 563 600 649 μητέρα
623 564 685 648 τὴν
708 565 865 647 ἄμπελον.
902 564 1020 650 ἀγρίας
1043 562 1080 630 δέ
1099 574 1158 648 τῆς

138 671 335 756 ἀγριοποιοῦ
355 672 411 736 διὰ
428 672 490 754 τὴν
509 669 618 756 μέθην
638 672 744 754 ἤγουν
762 680 820 755 τῆς
838 670 976 757 ἀγρίους
994 673 1159 756 ποιούσης

111 781 216 856 στοὺς
239 779 427 863 μεθύοντας
449 777 470 862 ἢ
494 787 551 862 τῆς
574 777 610 843 έν
633 786 679 866 τῷ
702 777 793 867 ἀγρῷ
814 778 925 862 ούσης.
962 775 1099 864 καὶγὰρ
1118 779 1158 844 ἐν

137 897 207 962 τοῖς
231 885 345 969 ἀγροῖς
370 886 407 950 αλ
428 886 575 970 ἄμπελοι.

212 1022 331 1094 Ιγάνος
354 1023 418 1078 τόδε
434 1041 496 1078 ονε.
515 1024 541 1078 V
565 1057 597 1064 —
626 1031 675 1095 τῆς
698 1041 751 1080 om.
772 1027 798 1080 H
827 1057 860 1067 —
889 1033 975 1096 ‘apro
993 1025 1043 1080 τὸν
1063 1023 1156 1079 οἷνονε

139 1092 214 1150 εἶναι
232 1095 258 1148 H
279 1128 308 1136 —
330 1102 346 1150 3
366 1095 415 1150 τὸν
434 1098 500 1149 ante
527 1092 628 1165 ἔχοντα
648 1097 742 1154 om.V
761 1129 795 1140 -
819 1095 850 1153 δὲ
871 1114 924 1152 om.
944 1097 969 1147 V
989 1129 1023 1138 -
1041 1104 1059 1152 4
1077 1097 1158 1166 ἀγρι-

139 1175 216 1221 ωπού
230 1166 283 1221 Dd.
298 1167 368 1221 exP
388 1198 421 1208 -
441 1165 490 1221 διὰ
507 1165 559 1236 τὴν
578 1167 673 1238 μέθην
693 1184 746 1223 om.
761 1168 818 1223 VH
837 1200 869 1209 -
892 1166 910 1236 ἢ
929 1185 980 1238 pro
999 1167 1087 1240 ἤγουν
1100 1167 1156 1221 Dd.

139 1271 171 1279 -
194 1245 210 1292 ὁ
230 1234 261 1293 έν
280 1239 347 1292 ante
366 1242 403 1311 τῷ
424 1254 477 1293 om.
491 1238 517 1292 V

207 1420 271 1485 619
284 1442 331 1504 sq.
366 1421 505 1506 πάρεστι
528 1431 613 1502 γοῦν
636 1433 708 1498 ταῖς
731 1420 823 1505 ἐμαῖς
847 1419 940 1505 χερσὶ
958 1419 1013 1486 καὶ
1031 1423 1157 1505 καρπὸς

138 1527 251 1604 ἐλαίας
275 1525 401 1611 ξανθῆς
423 1537 481 1609 τῆς
504 1524 577 1592 αἰὲν
599 1528 794 1611 θαλλούσης
817 1539 886 1604 τοῖς
911 1529 1061 1611 φύλλοις.
1103 1525 1155 1592 ἀεὶ

137 1635 202 1718 γὰρ
235 1636 302 1717 ἔχει
333 1635 373 1698 τὰ
405 1635 526 1716 φύλλα.
582 1636 635 1700 διὸ
668 1634 879 1717 προσέθηκεν
913 1633 965 1699 ‘gv
997 1634 1157 1718 φύλλοισι

138 1739 348 1825 θαλλούσης’
381 1742 465 1825 πρὸς
496 1742 556 1806 τὸν
587 1743 725 1827 καρπόν.
780 1741 822 1806 ού
853 1742 917 1826 γὰρ
950 1741 1105 1824 διηνεκὴς
1136 1739 1155 1805 ὁ

111 1849 271 1930 οπαρπός.
323 1846 448 1931 ξανθῆς
485 1845 523 1914 δὲ
560 1849 616 1914 διὰ
648 1849 686 1913 τὸ
718 1849 756 1912 τὸ
789 1849 932 1914 ὄπισθεν
964 1845 1063 1933 μέρος
1094 1856 1156 1912 τοῦ

138 1956 269 2038 φύλλου
293 1954 337 2031 ὡς
360 1958 555 2041 πρασινίζον
578 1954 812 2040 ἐμφαίνεσθαι.

211 2147 294 2203 1ναλ
313 2165 366 2203 om.
385 2148 412 2201 H
440 2179 472 2188 -
502 2119 724 2217 θθαέὸύσηςν
751 2178 782 2188 -
812 2146 951 2217 ἀειθαλὴς
969 2146 1022 2219 γὰρ
1041 2145 1091 2202 καὶ
1109 2145 1156 2201 ἀεὶ

136 2219 172 2274 τὰ
205 2220 296 2288 φύλλα
325 2217 383 2290 ἔχει
410 2219 572 2290 νυΙςοΒὰ.,
608 2219 746 2288 ἀειθαλὴς
773 2218 826 2290 γὰρ
856 2221 932 2284 (cett.
957 2219 1023 2289 om.)
1046 2217 1101 2272 ΟΡ
1120 2249 1152 2258 -

138 2298 154 2344 3
174 2294 265 2359 φύλλα
285 2291 309 2343 V
329 2323 362 2332 —
382 2296 399 2344 4
416 2291 486 2359 πρὸς
504 2307 558 2346 om.
574 2290 600 2342 H
616 2323 647 2332 —
668 2297 684 2345 5
704 2290 753 2348 διὰ
771 2291 803 2344 τὸ
821 2289 853 2346 τὸ
867 2290 950 2358 vict„
969 2289 1019 2344 διὰ
1037 2290 1068 2344 τὸ
1087 2291 1155 2344 cett.

138 2393 170 2401 -
191 2361 286 2415 Verba
304 2361 436 2431 διηνεκὴς
456 2405 461 2415 ,
478 2405 484 2416 .
504 2357 698 2430 ἐμφαίνεσθαι
716 2379 771 2418 om.
790 2361 829 2427 H,
852 2361 902 2431 qui
924 2361 961 2416 ad
979 2362 1012 2416 ού
1031 2360 1085 2432 γὰρ
1104 2361 1155 2415 ad·

137 2431 233 2502 iungit
249 2432 312 2488 init.
328 2432 415 2489 schol.
436 2451 488 2501 sq.:
511 2431 526 2487 ὁ
545 2434 627 2503 χορὸς
646 2433 760 2503 φησὶ..

205 2703 346 2787 6271qq.
383 2701 401 2766 ὁ
424 2704 523 2787 χορός
546 2718 629 2786 φησι
654 2705 737 2788 πρὸς
760 2704 821 2786 τὴν
835 2700 1011 2784 Ἄτοσσαν,
1036 2701 1087 2766 ὅτι
1110 2702 1153 2766 σύ

137 2833 171 2874 τε
181 2811 320 2888 θνσίαζε
334 2818 404 2885 τοῖς
417 2811 653 2892 καταχθονίοις
666 2815 772 2892 θεοῖς,
790 2808 884 2894 ἡμεῖς
898 2832 932 2874 τε
947 2810 1153 2893 αἰτησόμεθα

138 2916 175 2982 έν
202 2904 321 3000 ὕμνοις
347 2918 426 2992 τοὺς
453 2918 605 3000 πομποὺς
631 2927 698 2981 τῶν
726 2915 916 3001 φθιμένων,
943 2917 1050 2999 ἤγουν
1075 2919 1154 2993 τοὺς

136 3026 240 3099 θεοὺς
267 3024 345 3099 τοὺς
372 3023 459 3087 κάτον
487 3026 565 3099 τοὺς
593 3021 780 3108 πέμποντας
808 3024 877 3088 ἀνω
900 3025 980 3100 τοὺς
1002 3023 1153 3110 νεκρούς,

110 3125 223 3196 πεῖναι
251 3129 338 3194 κάτω
367 3137 424 3212 τῆς
451 3137 512 3213 γῆς
539 3141 655 3214 πραεῖς
681 3131 765 3217 πρὸς
792 3131 852 3194 τὸν
876 3135 1037 3216 Δαρεῖον,
1069 3131 1153 3196 ὥστε

138 3245 349 3321 συγχωρῆσαι
373 3236 477 3301 αὐτὸν
499 3237 582 3321 πρὸς
603 3237 688 3321 ἡμᾶς
711 3237 835 3302 έλθεῖν.

210 3435 223 3482 1
244 3425 287 3483 ὅτι
306 3445 359 3483 om.
374 3429 400 3482 V
429 3459 461 3468 —
494 3447 524 3484 τε
544 3445 597 3484 om.
616 3427 760 3498 vulgoDd.
794 3459 827 3469 -
861 3434 876 3482 2
897 3427 928 3484 δὲ
947 3445 998 3498 pro
1017 3449 1046 3484 τε
1065 3431 1152 3498 vulgo

135 3499 246 3554 Dd.VH
265 3531 299 3541 -
319 3505 335 3554 3
355 3501 470 3569 φθίνων
489 3498 515 3552 V
534 3531 567 3540 -
586 3501 651 3563 τούς
674 3499 749 3554 κάτω
768 3497 930 3570 πέμποντας
952 3501 1018 3563 τοὺς
1035 3501 1153 3570 νεκρούς

135 3570 190 3627 Dd.
200 3569 263 3626 exP
278 3602 310 3611 —
332 3575 347 3624 5
366 3577 466 3642 πραεῖς
480 3588 533 3626 om.
548 3569 575 3623 H
595 3603 628 3611 —
648 3577 664 3625 6
683 3571 759 3645 αύτῷ
769 3573 795 3627 V
810 3603 841 3612 -
862 3572 935 3641 ἡμᾶς
949 3572 1152 3642 προσελθεῖνλλ
