2642 3864
142 161 205 226 148
571 162 728 215 SCHOLIA

141 326 295 413 <χαλκςῦ>
335 321 657 409 κατεσκευασμένοις.
716 329 993 409 περιεκυκλοῦντο
1031 320 1068 389 δέ
1104 322 1160 389 καὶ

141 442 298 517 συνεῖχον
321 432 479 517 γάρωθεν
506 439 617 496 πᾶσαν
639 431 701 514 τὴν
724 439 841 515 νῆσον,
870 431 953 496 ὥστε
977 430 1160 518 ἀμηχανεῖν

141 541 219 615 τοὺς
242 535 376 624 Πέρσας
400 537 476 603 ὅποι
500 537 650 622 φύγοιεν.

232 695 398 766 λγάρυθεν
421 695 506 765 vulgo
530 712 599 764 οπο,
622 693 676 748 Dd.
700 693 764 750 add.
784 710 819 749 ex
836 694 871 762 P;
900 693 975 750 idem
998 694 1028 749 in
1048 695 1104 750 VH
1125 727 1158 736 -

142 777 157 823 9
176 775 233 822 ποῦ
252 767 396 836 vulgoDd.

209 966 275 1032 462
287 987 356 1048 sqq.
393 964 499 1029 πολλὰ
522 959 583 1048 μέν
606 964 670 1048 γάρ
694 963 730 1029 ἐκ
747 975 868 1050 χερῶνε
890 966 998 1030 πολλὰ
1015 962 1077 1050 μὲν
1095 967 1160 1050 γὰρ

143 1072 180 1138 ἐκ
201 1081 309 1158 χερῶν
327 1071 517 1156 ἠράσσαντο
535 1067 706 1162 πέτροισιν
724 1071 832 1154 ἤγουν
851 1074 963 1150 λάθοις
981 1073 1160 1156 ἐβάλλοντο

142 1177 199 1244 καὶ
226 1180 465 1262 συνετρίβοντο
493 1177 827 1261 λιθολευστούμενοι,
856 1177 920 1243 άπὸ
948 1187 1005 1262 τῆς
1032 1178 1161 1262 τοξικῆς

142 1310 177 1352 τε
199 1285 372 1371 θώμιγγος
395 1281 441 1350 ἰοὶ
464 1281 520 1349 καὶ
542 1283 622 1368 βέλη
645 1286 908 1368 προσπίπτοντες
927 1286 1082 1351 ὤλλυσαν
1104 1284 1160 1352 καὶ

116 1397 309 1478 εέφθειραν
327 1393 406 1468 τοὺς
425 1388 566 1474 Πέρσας.
602 1389 733 1474 θῶμιγξ
758 1389 798 1456 δέ
819 1391 909 1456 ἐστιν
928 1391 946 1457 ὁ
965 1377 1161 1470 λεπτότατος

127 1510 286 1586 σχοῖνος.
331 1508 595 1582 καταχρηστικῶς
619 1493 657 1561 δὲ
680 1497 827 1562 ἐνταῦθα
851 1497 939 1580 λέγει
957 1499 1018 1582 τὴν
1036 1502 1161 1586 νευράν

142 1617 204 1673 τοῦ
225 1605 334 1684 τόξου.

215 1750 230 1798 1
254 1743 367 1797 initium
396 1758 483 1810 usque
511 1743 548 1796 ad
573 1741 716 1812 πέτροισιν
740 1743 770 1796 in
791 1742 819 1796 Η
840 1743 984 1798 invenitur
1001 1775 1035 1786 -
1059 1750 1075 1798 2
1095 1741 1162 1814 ἐά-

143 1820 224 1872 λοντο
239 1816 274 1883 V,
294 1810 463 1886 ἐμβάλλοντα
481 1812 509 1866 Η
527 1844 560 1854 -
580 1821 596 1868 3
615 1813 665 1868 καὶ
683 1815 740 1870 άπὸ
754 1814 787 1884 V,
808 1814 856 1884 qui
874 1833 903 1869 τε
924 1833 977 1870 om.
994 1848 1026 1856 -
1046 1823 1063 1870 4
1083 1817 1162 1889 βελος

144 1889 170 1942 Η
189 1919 223 1928 -
242 1885 352 1940 ἐόλνσαν
371 1885 406 1953 Η,
430 1885 536 1940 ὤλεσαν
554 1883 589 1953 V,
613 1882 715 1940 ἔλυσαν
734 1885 819 1956 vulgo
840 1918 874 1927 -
893 1892 909 1941 ὅ
928 1887 1020 1958 θώμιξ
1040 1889 1078 1956 Η,
1101 1889 1161 1942 θά-

144 1960 207 2030 μιγξ
230 1956 349 2028 vulgov
372 1989 400 1997 -
426 1962 442 2010 6
461 1965 691 2027 μεταφορητικῶς
709 1957 748 2028 Η,
772 1966 966 2028 μεταφορικῶς
989 1961 1055 2013 cett.
1076 1991 1108 2000 -—
1129 1957 1162 2014 δὲ

145 2049 198 2085 om.
218 2029 245 2085 V
264 2061 297 2070 -
318 2036 333 2084 ’λ
352 2035 402 2084 τοῦ
420 2026 504 2095 τόξου
523 2045 577 2083 om.
594 2028 649 2082 VH

211 2211 278 2276 465
288 2232 357 2296 sqq.
393 2207 488 2286 τέλος
511 2203 541 2273 δ’
568 2208 829 2293 ἐφορμηθέντεςτ
852 2210 994 2292 ὕστερον
1014 2207 1051 2275 δὲ
1069 2235 1162 2293 κινη-

144 2315 262 2393 θέντες
285 2317 370 2400 ὁμοῦ
392 2316 513 2393 πάντες
535 2315 571 2380 οἱ
583 2313 742 2398 Ἕλληνες
765 2315 797 2394 ἐξ
822 2313 897 2394 ἑνὸς
920 2316 1029 2401 ῥόθου
1052 2316 1104 2382 καλ
1126 2316 1163 2382 έκ

145 2433 221 2509 μιᾶς
244 2423 348 2508 ῥοπῆς
370 2430 591 2508 κρεοκοποῦσι
612 2423 671 2499 τάς
690 2421 813 2504 σάρκας
834 2434 902 2487 τῶν
926 2421 1056 2488 ἀθλίων
1075 2427 1162 2508 Περ-

147 2542 226 2612 σῶν,
246 2529 307 2607 ἕως
329 2529 548 2595 ἐθανάτωσαν
563 2530 719 2614 ἅπαντας,
743 2528 899 2614 ὁΞέρξης
918 2525 955 2594 δέ
974 2529 1162 2614 ἐθρηνησεν

120 2637 238 2725 ειὸρῶν
260 2637 368 2721 βάθος
390 2647 509 2702 κακῶν.
555 2636 576 2719 ἡ
600 2635 770 2721 μεταφορὰ
794 2635 858 2700 άπὸ
881 2647 948 2701 τῶν
970 2637 1112 2702 ὑδάτων.

235 2800 251 2848 2
271 2792 303 2850 ἐκ
322 2812 376 2850 om.
395 2793 421 2847 V
441 2826 474 2835 —
495 2801 509 2848 3
529 2802 734 2864 κρεοκοποῦσι,
758 2792 837 2848 utin
861 2795 941 2848 textu
959 2792 1087 2861 fabulae,
1105 2793 1162 2848 VH

148 2898 180 2906 -
200 2873 218 2920 4
236 2865 325 2936 ἤγουν
343 2881 394 2935 pro
414 2863 465 2929 ἕως
482 2865 535 2920 Dd.
555 2881 589 2920 ex
606 2865 629 2919 P

215 3384 280 3450 469
292 3404 363 3467 sqq.
400 3381 504 3467 ἕδραν
540 3383 603 3466 γὰρ
641 3376 740 3464 εἷχενε
777 3379 921 3464 ἐκάθητο
959 3381 997 3447 ἐν
1033 3383 1162 3470 ὑψηλῷ,

222 3547 233 3593 1
256 3537 342 3609 ἕδραν
360 3538 414 3609 γάρ
434 3534 508 3609 εἶχεν
527 3537 575 3592 καλ
592 3532 717 3607 ἐκάθητο
731 3537 885 3606 vulgoDd.,
905 3535 992 3608 ἕδραν
1005 3538 1059 3610 γάρ
1074 3537 1162 3610 εἷχενε
