2642 3872
151 151 216 216 194
580 155 737 208 SOHOLIA

149 313 182 394 ἐξ
199 311 318 381 ’Ἅιδου
345 314 493 382 άνελθόν
520 333 604 401 φησι
631 317 714 402 πρὸς
741 317 819 392 τοὺς
843 312 987 401 Πέρσας·
1018 309 1175 380 ὦπιστά

148 423 338 508 γεννήματα
361 418 416 487 καὶ
440 419 626 509 ἀνατροφαλ
648 421 800 510 πατέρων
823 432 949 487 πιστῶν
972 420 1055 507 ἐμοί,
1079 417 1105 487 ὦ
1130 420 1172 486 ἐκ

149 539 276 594 πιστῶν
298 529 449 615 πατέρων
472 529 571 595 πιστά
595 526 667 614 ἐμοὶ
690 527 798 614 τέκνα,
821 526 932 594 πιστοὶ
953 529 1033 611 υλοί,
1056 527 1173 612 ἥλικές

121 659 184 701 ετε
207 632 262 701 καὶ
286 637 431 719 ἰσηλικες
449 644 507 720 τῆς
525 635 604 721 έμης
621 635 762 720 ἡλικίας,
783 639 859 702 τίνα
877 638 984 702 πόνον
998 631 1053 701 καὶ
1072 657 1169 700 κακο-

149 743 295 810 πάθειαν
317 743 434 827 πάσχει
456 741 478 826 ἡ
501 744 611 822 πόλις;
636 740 691 807 καλ
710 743 856 822 στενάζει
879 739 934 807 καὶ
953 733 1027 808 οἷον
1046 740 1082 807 ἐκ
1099 751 1171 806 τῶν

149 849 309 937 ὀδυρμῶν
349 848 504 915 κέκοπται
545 847 600 914 καὶ
636 849 834 937 χαράσσεται
869 849 891 934 ἡ
927 857 969 933 γῆ
1005 849 1171 915 κάτωθεν.

148 964 247 1022 τοῦτο
273 951 310 1022 δὲ
333 961 474 1042 εἴρηκεν,
498 956 550 1022 ὅτι
573 955 609 1020 ἐκ
626 967 694 1022 τῶν
711 961 846 1023 πολλῶν
864 957 960 1041 ὑμῶν
974 965 1171 1039 στεναγμῶν

148 1063 235 1148 ἡγῆ
260 1063 398 1147 ραγεῖσα
421 1059 569 1128 ἀνέδωκέ
589 1086 637 1148 με.

149 1226 166 1274 3
190 1227 295 1275 πιστῶν
326 1217 505 1291 πατέρωνῖ
533 1251 566 1261 -
595 1215 670 1278 ὦ..
694 1217 752 1276 υλολ
775 1237 829 1275 om.
849 1219 907 1273 VH
937 1251 968 1262 ·-
1000 1236 1052 1290 pro
1077 1213 1098 1273 ὦ
1123 1213 1169 1273 Vn:

149 1287 244 1348 &Dd.
263 1308 297 1346 ex
315 1291 338 1344 P
357 1322 391 1332 —
410 1289 530 1346 σιτιστὰ
554 1288 616 1362 έμολ
634 1291 721 1348 τέκνα
743 1291 829 1360 vulgo
849 1307 902 1345 om.
923 1321 957 1332 -
977 1298 991 1346 7
1011 1290 1060 1346 ιιαλ
1078 1287 1171 1346 κάτα-

149 1367 205 1418 θεν
232 1361 403 1433 χαράσσεται
426 1362 445 1489 χ
468 1370 503 1434 γη
522 1365 556 1431 Η,
585 1362 634 1418 καλ
656 1362 826 1434 χαράσσεται
844 1361 976 1418 κάτωθεν
995 1361 1012 1432 ἡ
1035 1367 1070 1434 γη
1091 1361 1113 1414 V
1133 1392 1169 1402 -

441 1455 458 1489 v

150 1441 167 1490 8
185 1434 264 1505 ημῶν
278 1434 335 1489 VH
352 1466 383 1474 -
402 1454 424 1488 π
460 1455 499 1488 ων
518 1434 568 1489 καλ
586 1443 748 1505 στεναγμῶν
764 1436 788 1489 H
804 1467 835 1474 —
857 1433 904 1504 9η
924 1441 958 1505 γη
977 1436 1044 1488 ante
1063 1428 1094 1487 ἐν
1112 1441 1170 1486 τῶν

150 1521 216 1576 pon.
231 1505 257 1559 H
274 1537 311 1548 -
330 1501 450 1561 ἐνέδωκε
469 1505 555 1575 vulgo
574 1537 608 1547 -
627 1525 675 1577 μοι
693 1507 719 1561 V

220 1686 285 1754 686
297 1707 343 1770 sq.
380 1685 531 1752 λεύσσων
550 1681 581 1750 δ’
603 1687 748 1752 άκοιτινε
772 1685 836 1770 ἐγὼ
861 1682 898 1752 δέ
920 1683 1052 1770 βλέπων
1070 1683 1171 1769 ἐγγὺς

151 1800 212 1858 τοῦ
236 1791 318 1876 ἐμοῦ
340 1793 450 1877 τάφου
476 1793 763 1878 παρακαθημένην
789 1794 851 1878 τὴν
879 1793 962 1878 ἐμὴν
990 1792 1170 1877 ὁμόκοιτον

151 1909 294 1984 γυναῖκα
316 1897 372 1966 καὶ
395 1899 541 1986 σύζυγον
564 1903 736 1985 φοβοῦμαι
759 1901 804 1986 μή
826 1923 858 1965 τι
876 1901 980 1966 κακὸν
998 1899 1081 1984 αὐτῇ
1100 1898 1170 1965 ἐπι-

148 2005 276 2092 γέγονε.
311 2008 369 2085 τάς
391 2008 471 2093 χοάς
494 2005 543 2090 δέ,
566 2008 640 2092 ἤτοι
662 2009 721 2085 τάς
743 2010 866 2084 θυσίας
889 2005 928 2085 άς
951 2004 1024 2092 ἐμοὶ
1042 2008 1169 2072 ἔθυσεν

122 2117 375 2200 εέλαστηρίους,
398 2113 613 2200 άπεδεξάμην.

225 2253 365 2308 1λεύσων
383 2253 440 2308 VH
463 2285 497 2296 -
521 2261 536 2308 2
556 2261 606 2310 τοῦ
625 2252 719 2322 τάφου
744 2247 811 2322 ἐμοῦ
830 2252 855 2306 V
875 2283 907 2294 ·-
931 2250 1170 2344 παραισθημένην

153 2325 179 2378 Η
199 2357 231 2367 -
253 2321 321 2396 ἐμοῦ
340 2324 367 2378 Η
386 2355 420 2366 -
440 2324 583 2396 ὁμόκοιτιν
599 2325 626 2379 Η
640 2331 705 2380 -3
724 2323 843 2394 σύζυγον
862 2341 916 2380 om.
931 2323 964 2393 V,
983 2324 1032 2379 καλ
1051 2326 1170 2394 σνζυγον

153 2412 208 2452 om.
227 2397 314 2466 vulgo
333 2396 360 2450 H
384 2427 419 2437 -
444 2416 472 2451 τι
497 2396 583 2466 vulgo
609 2412 664 2452 om.
685 2427 716 2437 —
738 2390 942 2466 Zmys'yovevV
969 2426 1004 2437 -
1029 2391 1097 2450 40}
1121 2393 1170 2449 καλ

152 2465 204 2531 τδις
221 2468 279 2522 VH
298 2499 332 2508 —
351 2469 418 2521 ante
438 2465 543 2522 ἔθυσεν
566 2466 677 2538 syllaba
701 2463 727 2520 λλ
748 2465 854 2520 lineola
873 2465 968 2523 del.V
986 2497 1021 2508 —-
1041 2472 1057 2522 6
1077 2464 1170 2538 [λαρό-

150 2558 219 2610 τερα
237 2537 264 2594 V
282 2570 316 2580 -
336 2533 476 2610 ἐδεξάμην
493 2537 547 2594 Dd.

217 2721 282 2787 688
293 2742 362 2806 sqq.
399 2717 494 2805 ὑμεῖς
522 2713 560 2785 δέ
588 2715 737 2806 θρηνεῖτ’
766 2718 864 2802 ἐγγὺς
887 2717 1023 2796 ἑστῶτες
1045 2719 1169 2803 τάφους

148 2827 242 2913 ὑμεῖς
267 2823 305 2894 δέ
329 2826 428 2912 ἐγγὺς
451 2824 588 2904 ἑστῶτες
610 2835 671 2892 τοῦ
697 2825 779 2912 ἐμοῦ
801 2827 911 2912 τάφου
933 2833 1090 2914 θρηνεῖτε
1114 2823 1169 2891 καὶ

148 2940 307 3001 καλεῖσθε
338 2932 394 3000 καὶ
426 2931 625 3020 άναιιράζετέ
655 2957 695 3019 με
725 2933 875 3012 ἐξελθεῖν
907 2932 943 2999 ἐκ
969 2942 1031 2998 τοῦ
1049 2929 1169 2998 Ἅιδου

150 3040 364 3128 ῥοθιάζοντες
386 3037 441 3107 καλ
464 3041 613 3126 μεγάλως
642 3041 802 3126 ἠχοῦντες
823 3037 879 3106 καὶ
901 3039 1108 3128 θρηνοῦντες
1131 3038 1169 3104 ἐν

124 3151 243 3233 εγόοις
265 3158 487 3234 ψυχαγωγοῖς,
510 3148 617 3232 ἤγουν
635 3158 705 3225 τοῖς
722 3149 781 3225 τὰς
798 3147 906 3231 ψυχάς
925 3146 960 3212 ἐκ
978 3155 1040 3212 τοῦ
1049 3144 1169 3218 ’Ἁιδου

151 3255 418 3340 άναιιομίζουσιν.
465 3255 526 3321 οὐκ
559 3257 628 3321 ἐστι
660 3253 697 3320 δέ
729 3251 850 3342 ῥᾴδιον
879 3255 916 3319 τὸ
948 3253 1097 3332 ἐξελθεῖν
1128 3278 1169 3340 με

222 3402 236 3450 1
255 3398 390 3466 θρηνεῖτε
409 3397 439 3450 οῖ
456 3403 505 3450 τοῦ
524 3394 619 3519 τρέχων
637 3394 664 3448 H
692 3424 725 3435 -
756 3399 771 3447 2
790 3394 870 3462 ὑμεῖς
893 3391 924 3449 ab
948 3392 1034 3464 vulgo
1058 3411 1113 3450 om.
1133 3425 1167 3436 -

149 3459 264 3530 έστῶτες
277 3467 343 3536 post
356 3464 449 3537 τάφου
464 3483 530 3536 pon.
638 3472 653 3520 3
669 3465 778 3519 καλεῖτε
792 3463 819 3518 V
834 3496 866 3505 -
883 3471 899 3519 4
918 3463 1101 3534 ὀρθιάζοντες
1114 3463 1168 3523 Dd.

150 3570 183 3579 -
208 3544 301 3602 ὅτοῖς
328 3555 382 3594 om.
404 3537 426 3592 V
446 3569 478 3579 —
504 3543 520 3590 6
544 3537 596 3591 οῦκ
625 3533 665 3590 ἔτι
692 3534 791 3605 vulgo,
819 3535 871 3590 οδκ
900 3533 957 3590 ἐστι
976 3580 1003 3593 ..
1024 3537 1169 3609 βραδύνας
