2632 3878
163 153 206 216 14
592 157 748 210 SOHOLIA

163 328 232 382 τῶν
256 321 398 404 Περσῶν
421 317 630 384 ἀνακαλεῖται
649 317 670 402 ἡ
687 313 818 404 Ἀσίαῆ
842 318 863 402 ἡ
882 321 971 404 ψυχή
989 342 1063 405 μου.
1097 319 1176 404 μρολ-

162 447 260 510 φεται
284 421 322 490 δὲ
344 422 399 490 καὶ
423 421 480 490 ἑὸν
503 426 577 509 ἤτοι
599 426 659 491 τὸν
682 427 772 492 ίβιον
795 427 911 512 ἄνδρα.
1001 503 1006 512 Ι

162 589 178 637 2
195 599 247 652 pro
267 581 360 637 verbis
379 591 434 638 τῶν
453 585 570 654 Περσῶν
590 627 597 640 .
617 626 623 639 .
645 603 699 655 μον
722 584 811 638 habet
829 584 867 637 V:
896 583 913 652 ἡ
936 584 1048 653 πληθὺς
1066 579 1098 638 δὲ
1119 592 1175 638 τῶν

161 656 288 725 Περσῶν,
314 655 376 709 tum
403 655 530 723 sequitur
548 655 605 711 sch.
624 674 649 710 v.
666 661 699 709 16
726 654 864 726 incipiens
892 671 910 709 a
934 673 1002 710 voce
1023 652 1174 721 Ἀκετταία,

160 728 221 779 tum
244 724 385 797 γράφεται
407 731 463 781 κτλ.
494 759 526 766 -
555 728 620 797 poet
639 725 713 780 Ἀσία
737 727 802 782 add.
821 728 915 781 PauW.
936 729 965 782 ελ
983 727 1008 780 Η
1030 728 1120 782 λείπει
1143 725 1174 781 δὲ

160 805 243 851 τοῦτο
272 829 305 837 -
329 793 348 865 ἢ
367 797 385 866 ἡ
404 797 483 868 ψυχή
501 817 555 867 μον
575 815 628 853 om.
648 797 766 867 vulgoH
786 829 820 839 -
839 805 855 852 3
874 795 906 852 δὲ
926 814 980 854 om.
998 797 1025 852 H
1047 830 1077 838 -
1101 797 1174 852 InP

181 872 226 923 oet
244 867 337 938 ἄνδρα
355 868 437 923 haee:
461 868 560 931 ἄλλως·
580 869 630 923 τὸν
648 866 759 939 Ξέρξην
780 867 855 937 ἔχειν
874 868 999 938 ἡγεμόνα
1020 868 1090 939 μετὰ
1109 869 1175 940 βοῆς

160 885 343 996 ἔπικαλεῖται.
381 937 501 1008 ληπτέον
520 937 551 994 δὲ
570 940 601 994 τὸ
622 937 696 1009 ἔχειν
715 939 840 1009 ἡγεμόνα
860 937 976 1006 ἔξωθεν.

230 1388 271 1452 16
304 1388 355 1452 ὅτι
370 1384 543 1452 Ἀκεσσαία
561 1389 726 1472 πρότερον
745 1385 890 1452 ἐκαλεῖτο
906 1385 969 1452 ἀπὸ
981 1382 1173 1451 Ἀκεσσαίου
1223 1443 1225 1446 .

159 1494 199 1558 τὰ
222 1502 287 1559 νῦν
307 1490 491 1577 Ἐκβάτανα
513 1494 712 1578 καλούμενα.
746 1492 851 1558 OPV.

231 1649 364 1704 Scholion
386 1651 472 1720 vulgo
495 1649 565 1705 item
587 1652 620 1705 ut
642 1650 672 1704 in
695 1649 725 1704 M
748 1651 860 1722 legitur.
902 1649 982 1704 Unde
1005 1652 1173 1775 ssromptum

159 1723 204 1776 eet
232 1721 268 1774 ab
296 1719 464 1787 editoribus,
492 1722 558 1777 vide
586 1721 650 1776 adn.
675 1722 735 1777 crit.
754 1740 781 1791 p.
801 1721 884 1775 LVII.
910 1753 941 1761 -
970 1728 984 1775 1
1020 1741 1047 1774 τι
1066 1737 1119 1774 om.
1139 1721 1173 1788 V,

160 1791 209 1860 qui
226 1793 280 1845 hoo
300 1792 388 1846 schol.
406 1794 526 1862 praebet
543 1796 609 1862 post
626 1809 723 1847 vocem
742 1795 869 1849 anteced.
887 1791 988 1848 scholii
1006 1795 1123 1862 Περσῶν
1139 1825 1172 1833 -

159 1864 280 1918 ἀκεοαῖα
298 1866 327 1918 ελ
346 1863 481 1918 ἄκεοαίον
499 1864 614 1926 τινὸςΡ
642 1896 676 1904 -
704 1864 774 1918 λτόι
793 1873 845 1919 νῦν
865 1861 896 1918 δέ
916 1863 941 1917 V
960 1896 993 1905 -
1013 1862 1171 1934 καλουμένη

157 1934 192 2000 V,
210 1932 347 2006 λεγόμενα
364 1935 387 1988 Ρ

227 2136 268 2200 16
279 2157 348 2219 sqq.
394 2135 462 2200 οἵτε
489 2137 526 2200 τὸ
551 2135 709 2200 Σούσωνε
738 2134 860 2211 οἵτινες
890 2135 1108 2218 προλιπόντες
1134 2134 1171 2197 τὸ

158 2242 242 2306 όίστυ
265 2251 332 2306 τῶν
352 2243 496 2306 Σούσων
514 2239 569 2306 καὶ
588 2252 655 2306 τῶν
672 2237 880 2324 Ἐκβατάνων
898 2239 1010 2305 καὶτὸ
1029 2240 1171 2304 παλαιὸν

157 2350 301 2412 Κίσσιον
325 2347 420 2428 ἕρκος
443 2350 528 2433 (ἔστι
552 2345 589 2413 δέ
607 2346 663 2412 καλ
681 2356 780 2414 τοῦτο
798 2350 894 2444 πόλις
913 2345 1069 2432 Περσῶν)
1090 2347 1171 2428 ἔβαν

157 2451 213 2518 καὶ
236 2453 469 2538 ἐπορεύθησαν
497 2457 545 2531 είς
563 2451 720 2538 Ἑλλάδα,
749 2455 784 2520 ολ
809 2451 871 2539 μέν
895 2457 1049 2539 ἔφιπποι,
1078 2452 1113 2517 ολ
1134 2447 1171 2516 βλ

131 2561 215 2625 σόιολ
237 2564 375 2644 πλοίων,
400 2562 496 2626 όίλλοι
520 2557 557 2626 όέ
576 2565 677 2645 πεζοί,
696 2559 895 2648 παρέχοντες
920 2557 975 2626 καλ
996 2567 1171 2635 ποιοῦντες

157 2679 277 2752 στῖφος
298 2666 354 2733 καλ
376 2669 539 2752 πύκνωμα
561 2677 622 2734 τοῦ
644 2667 801 2753 πολέμου.
838 2664 926 2745 τινὲς
951 2663 989 2732 ὃέ
1010 2667 1048 2731 τὸ
1071 2664 1171 2750 παρέ-

156 2798 271 2860 χοντες
298 2773 373 2840 ἀντὶ
400 2784 461 2840 τοῦ
489 2777 582 2852 ὄντες
605 2774 773 2860 λέγουσιν,
801 2775 908 2862 ἕτεροι
940 2770 977 2838 δέ
1009 2770 1084 2838 ἀντὶ
1110 2781 1171 2837 τοῦ

157 2883 307 2958 βαλόντες
329 2879 384 2947 καὶ
407 2885 444 2948 τὸ
467 2881 615 2969 πολέμου
638 2881 734 2966 <ἀντλ
756 2886 837 2966 τοῦ)
856 2878 988 2970 πολέμῳ
1012 2882 1125 2965 φασίν.

231 3039 378 3094 ΙΙηίλίοιο
402 3057 447 3110 ap.
469 3039 521 3094 Dd.
542 3040 596 3096 eie:
624 3038 744 3110 ληπτέον
768 3039 877 3106 ἔξωθεν
900 3039 931 3094 τὸ
954 3047 1049 3106 τοῦτο,
1078 3034 1117 3092 ἵν’
1138 3029 1168 3107 ᾖ·

157 3111 259 3173 οἵτινες
285 3109 469 3181 προλιπόντες
495 3111 527 3166 τὸ
555 3112 624 3166 ἔστιν
652 3120 734 3167 τοῦτο
762 3121 827 3180 τῶν,
854 3111 941 3181 vulgo
965 3111 1017 3164 sie:
1042 3106 1099 3163 ἔστι
1122 3107 1171 3162 καλ

155 3190 238 3237 τοῦτο
256 3180 377 3252 πόλισμα
396 3186 526 3252 Περσῶν·
546 3185 656 3251 οἵτινες,
675 3185 754 3253 φησί,
771 3181 955 3252 προλιπόντες
976 3181 1008 3235 τὸ
1027 3179 1096 3234 ἄσιν
1115 3187 1171 3234 τῶν

157 3284 189 3292 -
209 3261 225 3307 3
245 3254 337 3308 κίοιον
355 3253 390 3321 Η,
409 3257 543 3309 Κίοοινον
561 3253 706 3325 vulgoDd.
725 3286 759 3296 -
778 3253 810 3309 δέ
829 3262 911 3308 τοῦτο
930 3251 1050 3322 πόλισμα
1068 3251 1119 3305 Dd.
1136 3281 1170 3290 -

157 3322 309 3379 ἔστιδὲ..
329 3327 447 3393 Περσῶν
471 3343 524 3380 om.
544 3325 630 3395 vulgo
659 3357 693 3366 -
720 3333 735 3380 3
757 3324 861 3399 ἔβησαν
881 3342 944 3380 eum
964 3339 1099 3394 superscr.
1118 3319 1170 3392 αρ’.

155 3395 205 3450 καὶ
224 3393 292 3468 ἔβαν
311 3395 337 3448 Η
348 3427 389 3445 .-
409 3402 425 3450 5
443 3392 489 3451 ἔπλ
503 3399 608 3452 πλοίων
622 3397 675 3452 Dd.
693 3429 723 3436 -
739 3399 808 3466 πεζῇ
824 3397 848 3451 V
868 3428 900 3438 -
922 3401 937 3450 6
956 3403 1006 3451 τοῦ
1026 3413 1079 3451 om.
1095 3393 1120 3447 V
1137 3424 1169 3433 -

156 3465 187 3522 δὲ
207 3484 261 3523 om.
280 3465 338 3520 VH
358 3498 389 3506 ·-
409 3472 426 3520 8
445 3466 473 3522 οἳ
491 3467 540 3522 καλ
557 3469 609 3523 Dd.
