2642 3864
171 121 235 185 190
602 126 759 178 SCHOLIA

168 287 275 370 μόνον
294 281 330 350 δὲ
351 285 497 352 ἐκαλεῖτο
511 296 622 372 τοῦτο,
641 287 724 354 άλλά
738 285 793 354 καὶ
808 292 1009 374 ’θεομήστωρ
1028 290 1186 377 ὑπῆρχεν,

167 390 237 458 ἐπεὶ
267 387 305 458 εὖ
332 390 387 460 καὶ
414 399 522 470 καλῶς
546 393 710 460 ἐποδῶκει
738 393 792 460 καλ
822 402 920 462 ίθυνε
947 395 1003 462 καὶ
1035 397 1100 464 ὑπὸ
1127 402 1187 466 τὸν

140 499 288 566 εὲαυτοῦ
310 501 396 566 πόδα
420 500 547 586 ἡνιόχει
570 504 629 568 τὸν
653 503 805 586 στρατόν.
1054 517 1056 521 ’

238 666 252 710 3
273 677 302 712 τε
321 659 406 728 vulgo
425 691 461 700 -
480 665 497 713 4
516 654 615 728 ἐπειδὴ
634 659 683 714 καλ
700 658 786 729 vulgo
807 693 839 700 -
859 660 908 715 καλ
927 665 1018 724 καλῶς
1037 664 1131 719 om.V
1151 695 1184 704 -

166 724 300 784 ἐπεδόκει
318 729 351 788 V.
375 725 506 785 ἐπεδόκει
519 730 546 782 Η
566 762 597 770 -
618 731 667 785 καὶ
686 732 770 786 ίῶυνε
790 749 843 787 om.
860 732 992 801 OP(Dd.)
1009 765 1039 774 —
1061 741 1076 788 ὁ
1096 735 1186 789 αὑτοῦ

165 801 198 869 V,
222 801 309 855 αύτὸν
328 800 354 853 Η
373 833 407 842 -
425 805 491 871 post
513 801 622 872 ἡνιόχει
640 802 693 857 Dd.
714 819 748 856 ex
766 803 787 854 P
812 803 890 858 add:
918 801 935 872 ἢ
960 802 1116 875 ἀνεπτὲρου
1135 806 1185 860 καὶ

164 872 321 940 ταχύτατον
340 868 430 927 ἐποίει
1178 875 1179 882 ’

232 1054 297 1118 660
308 1075 377 1138 sqq.
413 1054 541 1137 βαλλὴν
571 1057 782 1139 βαρβαρικῶς
813 1053 830 1118 ὁ
858 1056 1015 1136 βασιλεὺς
1045 1043 1182 1140 λέγεται.
1240 1097 1250 1118 .

163 1160 347 1244 Εὐφορίων
389 1159 429 1226 δέ
463 1177 547 1244 φησι
585 1165 740 1246 Θουρίων
777 1156 864 1226 εἶναι
900 1163 962 1246 τὴν
1000 1164 1181 1230 διάλεκτον.

163 1265 268 1350 φῃσὶν
292 1261 366 1332 οὖν·
391 1262 418 1332 ὦ
442 1267 555 1352 άρχαίε
576 1271 725 1352 βασιλεῦ,
750 1269 825 1334 ίκοῦ
842 1267 898 1333 καὶ
917 1280 1107 1353 παραγενοῦ
1126 1268 1182 1335 καὶ

163 1370 242 1440 ἐλθὲ
265 1369 315 1439 ἐπ’
342 1373 641 1460 άκρονκόρυμβον
660 1377 778 1460 ὄχθου,
802 1377 909 1459 ἤγουν
928 1375 981 1442 ἐπὶ
999 1379 1061 1460 τὴν
1075 1378 1181 1459 άκραν

136 1479 281 1567 εέξοχὴν
303 1479 360 1546 καὶ
381 1483 552 1568 περιωπὴν
575 1491 636 1548 τοῦ
659 1471 780 1566 τάφου,
811 1482 932 1566 ἀείρων
955 1481 1009 1548 καὶ
1034 1483 1180 1564 ἐπαίρων

161 1585 217 1652 καὶ
248 1599 352 1653 κινῶν
384 1591 446 1671 τὴν
467 1581 619 1673 ἐύμαριν
651 1587 706 1654 καὶ
737 1591 775 1654 τὸ
805 1589 962 1675 ὑπόδημα
988 1599 1050 1654 τοῦ
1076 1591 1181 1668 ποδὸς

160 1697 391 1780 κροκόβαπτον
421 1692 476 1759 καὶ
506 1693 655 1780 ἐρυθρὸν
686 1693 741 1760 καὶ
771 1699 946 1782 βασιλικόν
976 1734 1013 1743 -
1045 1699 1114 1761 ἔστι
1142 1695 1180 1764 δὲ

160 1810 259 1867 τοῦτο
273 1803 473 1886 περίφρασις
490 1839 541 1885 -,
555 1803 756 1886 πιφαύσκων
769 1800 825 1868 καὶ
845 1801 1082 1870 δεικνύωνκαλ
1101 1803 1180 1868 άνα-

161 1911 293 1992 φαίνων
312 1909 348 1974 τὸ
368 1908 521 1994 φάλαρον
535 1906 591 1974 καὶ
609 1910 669 1974 τὸν
684 1909 793 1993 λόφον
806 1919 863 1993 τῆς
880 1913 1052 1995 βασιλικῆς
1065 1911 1180 1992 τιάρας

120 2038 146 2078 ιο
160 2014 215 2081 καὶ
246 2019 511 2101 περικεφαλαίας.
566 2027 834 2100 περιφραστικῶς
867 2014 904 2081 δὲ
935 2018 972 2081 τὸ
1005 2017 1179 2100 βασιλικὸν

96 2193 98 2196 ,
160 2121 284 2208 στέμμα
309 2127 421 2207 φησίν.

232 2252 245 2299 1
267 2244 355 2317 βαλὴν
376 2244 551 2314 vulgoDd.H
565 2276 598 2285 -
619 2246 797 2317 βαρβαρικῶς
816 2243 914 2298 addidi
933 2263 967 2300 ex
981 2245 1007 2299 V
1020 2278 1054 2286 —
1072 2257 1087 2300 2
1106 2246 1179 2301 θού-

158 2390 220 2439 ριον
231 2370 264 2438 V,
283 2334 444 2439 θουρίοάσΗ
459 2400 497 2434 -,
511 2371 577 2438 post
595 2369 755 2424 διάλεκτονε
775 2368 847 2424 ὅθεν
866 2368 914 2423 καλ
934 2371 1088 2442 βαληναῑον
1103 2371 1175 2441 όρος,

158 2438 250 2498 όίστι
270 2440 414 2514 βασιλικόν
437 2441 524 2511 vulgo
554 2473 586 2480 -
615 2441 739 2509 3φῃσλν
762 2437 793 2495 εὖ
813 2441 930 2510 ἀρχαῖος
948 2441 999 2494 καλ
1035 2445 1131 2502 ασιλεύ
1151 2442 1176 2494 V

159 2546 191 2555 -
211 2511 283 2584 ἦνον
294 2513 326 2582 Η,
347 2513 443 2568 ίκουλί
458 2511 546 2580 vulgo
561 2544 594 2554 -
609 2519 626 2566 4
646 2511 737 2583 ὄχθου
756 2529 809 2568 om.
820 2511 883 2575 Dd.,
903 2510 992 2583 όχθον
1038 2545 1072 2564 -.
1086 2511 1176 2584 ἤγουν

158 2603 212 2640 om.
226 2585 348 2654 vulgofl
364 2616 395 2625 -
417 2591 432 2639 ‘1
453 2582 594 2654 ἐρυθρούν
612 2583 732 2653 vulgoV
749 2615 781 2624 -
795 2583 846 2638 καλ
860 2584 1005 2656 βασιλικὸν
1020 2601 1074 2639 om.
1089 2589 1175 2653 vulgo

158 2689 191 2698 —
212 2655 269 2712 ἔστι
287 2664 356 2725 γοῦν
374 2663 457 2711 τούτο
475 2656 496 2709 V
516 2685 550 2696 -
570 2663 586 2709 8
605 2653 788 2725 παράφρασις
802 2654 828 2708 Η
848 2687 879 2696 -
899 2653 1051 2724 πιφάσκων
1069 2654 1125 2709 VH
1143 2687 1173 2694 —

157 2735 173 2782 9
192 2729 241 2783 τὸν
261 2726 391 2796 φάλαρον
409 2726 495 2796 vulgo
505 2723 592 2780 Dd.H
610 2756 643 2767 -
664 2724 755 2798 φόβον
769 2727 795 2780 Η
816 2758 847 2768 -
867 2725 966 2795 τιήρας
981 2727 1051 2779 V·—
1075 2733 1107 2780 10
1126 2727 1175 2798 βα-

157 2801 264 2856 σιλικὸν
283 2815 337 2855 om.
356 2797 442 2868 vulgo
461 2829 496 2838 -
515 2804 547 2851 11
569 2800 643 2865 φησί
656 2797 710 2851 Dd.

223 2982 287 3047 667
299 3003 367 3065 sqq.
408 2979 510 3062 βάσκε
541 2979 659 3062 πάτερε
690 2979 794 3062 βάσκε
824 2975 881 3044 καὶ
912 2979 1113 3062 πορεύθητι,
1147 2974 1173 3044 ὦ

155 3093 279 3170 Δαρεῖε
302 3084 461 3167 δέσποτα,
489 3086 578 3162 ὅπως
599 3085 702 3171 κλύῃς
724 3083 780 3150 καὶ
808 3084 953 3169 ἀκούσῃς
979 3082 1034 3150 καὶ
1062 3085 1174 3171 μάθῃς

154 3194 254 3259 καινά
267 3190 322 3257 καὶ
337 3192 499 3258 ἀλλόκοτα
516 3190 573 3257 καλ
587 3189 646 3257 νέα
663 3193 726 3278 άχη
744 3199 805 3258 τοῦ
823 3189 960 3276 Ξέρξου.
998 3191 1043 3268 ὡς
1062 3192 1172 3281 ἐπῳδῇ

155 3297 192 3366 δὲ
214 3299 369 3384 κέχρηται
391 3307 437 3387 τῷ
461 3299 575 3382 ’βάσκε
598 3298 699 3381 πάτερ
723 3297 896 3382 Δαρειάν’.

227 3447 240 3494 1
260 3437 427 3506 πορεύουν
452 3469 484 3480 -
513 3445 529 3493 3
549 3437 671 3494 ἀλύκοτα
689 3436 747 3492 VH
770 3421 803 3477 ’-
833 3433 880 3492 ἐπὶ
898 3433 958 3510 ᾠδῇ
976 3436 1034 3490 VH
1054 3467 1088 3478 -
1107 3442 1124 3491 4
1142 3456 1172 3492 τε

153 3512 179 3566 H
198 3543 230 3554 -
250 3518 284 3582 τῇ
302 3509 397 3579 vulgo,
415 3514 453 3582 τῷ
472 3509 586 3564 VHDd.
