2628 3892
141 173 230 224 XLIV
542 171 757 225 PRAEFATIO.

210 332 276 398 seh.
296 331 326 396 A
346 331 410 398 173
435 331 475 396 ad
499 330 544 408 ὡς
567 329 672 407 οὕτως
699 328 844 415 ἐχόντων
871 331 991 412 τῶνδε]
1017 329 1061 407 ὡς
1083 331 1161 396 τού-

144 462 212 504 των
237 432 285 504 ὧν
308 433 404 504 εἶτον
428 437 533 514 οὕτως
556 435 710 522 ἐχόντων.

210 545 414 631 Praepoailio
447 546 502 610 διά
526 545 566 611 ad
590 544 811 610 accusativum
835 566 948 610 uanum
971 544 1161 630 adponitur:

213 653 279 719 seh.
298 653 333 720 M
351 653 414 738 Ag.
433 653 476 718 85
500 653 540 716 ad
562 655 610 734 τί]
637 652 693 716 διά
715 654 754 716 τί.
774 713 777 718 .

208 760 274 825 sch.
296 759 332 824 M
355 757 466 842 Suppl.
491 758 557 824 335
589 759 630 823 ad
661 760 697 822 τί
726 758 792 841 φὴς
824 758 1004 839 ἱκνεῖσθαι]
1039 757 1095 821 διά
1128 759 1164 822 τί

142 863 249 950 λέγεις
272 863 481 950 ἐληλυθέναι.

214 973 280 1037 seh.
294 971 329 1036 M
349 969 427 1036 Cho.
444 971 508 1034 802
524 970 565 1035 ad
583 971 620 1036 τὸ
636 966 673 1036 δὲ
686 974 794 1047 καλῶς
807 973 976 1054 κτίμενον]
992 971 1047 1034 διδ
1061 977 1161 1036 τοῦτο

147 1081 185 1146 τὸ
209 1084 316 1156 καλῶς
339 1078 657 1162 ἀναιροθνησόμενον.
1204 1157 1205 1160 ¹

213 1187 255 1271 81.
274 1184 309 1250 M
326 1185 415 1250 Pers·
437 1186 500 1250 162
524 1185 564 1250 ad
591 1187 706 1266 ταῦτα]
737 1185 793 1249 διδ
815 1193 927 1249 ταῦτα.
973 1185 1015 1268 81.
1035 1183 1066 1248 V
1090 1183 1159 1266 διά,

145 1293 190 1377 81.
207 1291 302 1358 BGL
326 1293 382 1357 διδ
403 1301 512 1358 τοῦτο.

214 1400 256 1483 gl.
276 1398 311 1463 M
330 1399 417 1464 Pers,
438 1399 501 1464 168
527 1399 567 1463 ad
585 1401 702 1480 ταῦτα]
723 1399 778 1462 διδι
801 1406 912 1462 ταῦτα.
940 1397 983 1483 81.
1002 1395 1070 1462 VH
1090 1397 1162 1479 διά,

145 1505 189 1591 81.
208 1503 303 1570 BGL
328 1505 384 1570 διδ
406 1513 514 1570 τοῦτο.

214 1610 279 1676 suh.
300 1611 327 1674 A
351 1612 413 1676 117
439 1612 479 1675 ad
502 1613 618 1692 ταῦτα]
644 1611 700 1676 διά
721 1616 833 1676 ταῦτα.

213 1719 258 1803 81.
276 1715 307 1780 V
327 1717 391 1782 549
417 1717 456 1782 ad
481 1719 599 1802 μόρον]
626 1717 690 1782 διά.
736 1717 823 1784 cll
849 1717 905 1782 διὰ
927 1717 986 1782 τὸν
1009 1717 1125 1800 μόρον.

214 1821 308 1908 glV
331 1823 415 1889 1039
441 1823 481 1888 ad
503 1827 608 1908 πῆμα]
634 1824 690 1888 διὰ
712 1826 758 1888 τό.

168 1948 170 1952 ’
215 1929 332 1996 Dualis
356 1952 510 1997 numerus
532 1931 676 1997 redditur
698 1931 832 2016 plurali:

216 2039 282 2106 seh.
301 2036 335 2102 M
355 2036 434 2104 cho.
452 2039 518 2104 406
543 2037 583 2104 ad
603 2033 786 2124 Ἀτρειδᾶν]
810 2048 878 2104 τῶν
898 2034 1085 2121 Ἀτρειδῶν.

214 2147 257 2230 81.
276 2144 311 2216 M
330 2143 418 2229 Sept.
443 2146 509 2212 905
540 2147 580 2211 ad
610 2147 722 2212 τοῖνδε
754 2147 851 2210 δυοῖν
881 2143 1052 2225 ἀνάκτοιν]
1084 2145 1164 2220 τοὺς

146 2251 209 2315 δύο
232 2253 400 2338 βασιλεῖς.

217 2358 259 2442 gl.
279 2355 348 2420 VH
369 2357 432 2422 188
457 2359 497 2422 ad
524 2357 663 2442 ἀμώμω]
692 2358 831 2442 ἀμωμοι.
863 2357 905 2441 gl.
924 2354 1020 2421 VGL
1043 2356 1082 2420 ad
1105 2379 1161 2422 κα-

147 2463 308 2546 σιγνήτω]
333 2462 484 2547 ἀδελφαί.
531 2465 574 2550 81.
593 2463 760 2529 VHBGL
782 2464 846 2530 194
870 2463 909 2528 ad
933 2462 1036 2546 αὐτόν]
1061 2463 1164 2541 αάτάς

147 2567 201 2656 (af.
220 2570 276 2656 A).

216 2676 432 2761 Adseribitur,
456 2699 537 2760 quaa
560 2699 698 2761 persona
722 2678 918 2761 appelletur:

218 2783 285 2851 sch.
303 2781 339 2850 M
356 2781 462 2850 Prom.
483 2783 546 2848 731
571 2781 771 2870 ἀποστρέφει
793 2785 853 2850 τὸν
874 2785 977 2868 λόγον
999 2784 1083 2868 πρὸς
1104 2782 1163 2847 αὐ-

147 2891 217 2973 τήν.

219 2997 285 3061 seh.
304 2995 339 3062 M
359 2994 437 3063 Cho.
457 2997 521 3062 367
546 2996 728 3084 ἀπέστρεψε
751 2999 810 3063 τὸν
833 3000 936 3082 λόγον
959 2999 1006 3075 εἰς
1024 2999 1083 3063 τὸν
1101 3017 1163 3062 ποι-

146 3100 227 3190 τὲρα
245 3101 359 3168 αὐτοῦ.
397 3105 463 3170 sah.
477 3103 511 3168 M
527 3102 606 3170 cho.
620 3107 685 3171 448
704 3106 787 3189 πρὸς
805 3105 864 3170 τὸν
875 3100 1030 3190 Ὀρέστην
1048 3107 1162 3188 φησίν.
1300 3081 1301 3088 ¹

150 3211 216 3276 sch.
235 3209 269 3274 M
289 3208 368 3276 Cho.
387 3212 451 3278 981
476 3214 558 3296 πρὸς
580 3213 639 3278 τὸν
661 3215 773 3298 χορόν.

216 3317 259 3405 81.
277 3315 308 3379 V
324 3319 398 3384 229.
418 3320 482 3385 916
505 3321 588 3404 πρὸς
605 3319 665 3384 τὸν
688 3319 790 3404 χορὸν
814 3316 832 3382 δ
850 3319 957 3400 λόγος.
994 3318 1037 3402 81.
1050 3317 1081 3382 V
1096 3315 1163 3382 525

146 3427 230 3513 πρὸς
264 3424 324 3500 τὸν
350 3428 461 3513 χορόν.
507 3427 551 3514 81.
575 3425 606 3491 V
630 3425 693 3492 631
725 3423 809 3509 πρὸς
835 3421 895 3486 τὸν
922 3424 1070 3507 Δαρεῖον
1104 3423 1162 3504 δη-

12 3629 13 3638 ¹
147 3539 270 3604 λονότι.
318 3537 359 3621 81.
378 3533 410 3601 V
430 3533 494 3600 706
517 3533 598 3618 πρὸς
621 3533 682 3616 τὴν
695 3529 870 3596 Ἄτοσσαν.
