2628 3892
571 170 781 224 PRAEFATIO.
1089 173 1184 224 XXIII
1210 203 1213 210 ·

166 333 240 416 lati,
267 331 301 394 in
328 330 364 396 M
392 329 560 415 depravati
588 332 668 416 sint,
696 355 739 397 an
766 333 801 396 in
828 333 1005 417 archetypo
1029 335 1124 398 utin
1146 334 1182 399 M

165 439 310 524 corrupti
332 438 468 518 fuerint,
496 439 530 504 in
557 439 792 504 recentioribus
817 462 836 505 a
859 440 975 505 scribis
998 442 1049 506 vel
1073 462 1181 526 gram·

165 545 293 611 maticis
332 546 467 611 correcti
505 545 585 630 sint,
621 545 780 611 incertum
818 568 946 630 semper
983 547 1053 612 erit.
1108 547 1181 614 Hoc

165 655 253 718 enim
277 674 378 737 aeque
400 653 497 717 facile
520 653 591 716 fieri
614 654 723 736 potuit
746 657 843 737 atque
868 653 957 718 illud.

570 882 779 894 *Q*—

652 1031 698 1104 ΙΙ.

232 1187 394 1265 Quoniam
408 1188 576 1272 vulgarem
592 1187 630 1252 de
644 1187 789 1253 Mediceo
810 1188 1005 1272 opinionem,
1021 1193 1177 1274 quantum
1199 1205 1202 1212 ·

165 1296 206 1360 ad
230 1299 357 1360 textum
381 1293 554 1359 Persarum
577 1294 708 1359 fabulae
733 1295 863 1378 attinet,
892 1296 1061 1388 sustulisse
1083 1297 1179 1362 nohis

164 1403 324 1487 videmur,
357 1401 397 1467 ad
424 1401 526 1466 falsas
554 1401 593 1465 de
624 1401 755 1467 scholiis
778 1402 969 1485 Aeschyleis
999 1404 1179 1469 sententias

163 1509 346 1575 evellendas
370 1509 556 1573 transimus.

231 1616 281 1680 Da
311 1616 437 1700 origine
470 1615 669 1682 scholiorum
701 1616 737 1680 M
764 1617 887 1700 optime
921 1617 989 1702 egit
1019 1617 1178 1702 Iosephus

164 1723 247 1809 Frey
269 1724 304 1787 in
327 1722 402 1786 diss.
426 1721 595 1788 Bonnensi
623 1745 705 1807 quae
733 1723 924 1789 inscribitur
947 1723 998 1788 ‘dc
1021 1724 1179 1808 Aeschyli

164 1830 298 1896 scholiis
330 1828 496 1895 Mediceis'
524 1826 569 1916 (a.
595 1827 709 1916 1857),
740 1830 906 1916 ingeniose
939 1830 1116 1896 Rcemerus
1145 1833 1179 1896 in

163 1937 438 2003 commentatione
452 1935 568 2020 p.XIX
581 1935 721 2002 laudata.
751 1934 982 2003 Controversia
997 1942 1103 2003 autem
1120 1943 1178 2023 est,

162 2049 275 2109 utrum
286 2044 339 2110 ad
358 2043 513 2128 Aeschyli
535 2047 660 2107 textum
683 2043 919 2108 emendandum
944 2044 1023 2109 solis
1043 2045 1177 2110 scholiis

164 2151 317 2217 Mediceis
336 2151 416 2216 fides
435 2149 586 2214 habenda
604 2148 656 2232 sit,
675 2171 717 2213 an
737 2149 836 2214 etiam
855 2151 1062 2234 glossematis
1081 2152 1180 2216 inter·

163 2259 341 2325 linearibus
373 2258 408 2322 in
440 2257 673 2322 recentioribus
701 2255 794 2341 libris
821 2256 951 2322 traditis
984 2263 1018 2322 et
1045 2258 1177 2324 scholiis

162 2366 353 2452 Byzantinis
377 2386 459 2449 quae
483 2351 581 2450 vulgo
605 2365 635 2428 A
660 2365 873 2448 appellantur.

231 2472 414 2538 Dindorfius
439 2471 576 2556 quidem,
599 2476 636 2536 ut
658 2470 795 2537 Medicei
817 2475 943 2537 textum
967 2473 1090 2538 fontem
1111 2495 1178 2538 om-

162 2581 252 2646 nium
275 2579 418 2662 putavit,
446 2580 494 2643 ita
518 2578 645 2644 scholia.
666 2578 696 2643 A
719 2601 758 2642 ex
780 2578 926 2644 Mediceo
953 2579 1097 2665 fluxisse,
1122 2579 1176 2644 sed

162 2691 259 2752 aucta
293 2690 325 2751 et
356 2685 556 2768 amplificata
588 2707 659 2749 esse
692 2685 927 2768 comprobabat
959 2685 1115 2772 (primum
1143 2688 1178 2751 in

86 2781 89 2788 ¹
162 2795 211 2858 ed.
232 2793 332 2858 schol.
350 2815 382 2876 p.
402 2791 440 2877 V,
460 2795 529 2857 tum
547 2791 650 2856 fusius
669 2793 703 2855 in
722 2792 839 2858 Philol.
859 2793 920 2858 vol.
939 2791 1009 2870 XX,
1028 2816 1058 2878 p.
1080 2794 1177 2878 lsqq.

162 2906 197 2965 et
216 2923 246 2984 p.
266 2898 332 2965 385
343 2921 411 2983 sqq.
435 2903 468 2963 et
491 2900 525 2963 in
550 2899 612 2963 vol.
630 2898 718 2983 XXI,
735 2922 765 2983 p.
787 2899 849 2965 193
861 2895 946 2986 sqq).
993 2898 1055 2964 Sed
1083 2904 1119 2964 ut
1142 2901 1177 2964 in
1239 2941 1241 2947 ι

142 3009 234 3088 illa,
263 3008 310 3071 sic
338 3006 372 3069 in
396 3005 457 3070 hac
486 3006 648 3070 sententia
678 3005 924 3071 Heimsocthius
953 3007 993 3070 ab
1029 3006 1086 3070 illo
1115 3007 1177 3072 dis-

162 3114 274 3180 sensit.
320 3112 383 3190 Qui
406 3112 572 3177 contendit
594 3115 725 3178 tantum
749 3113 875 3196 abesse,
903 3116 941 3177 ut
964 3113 1087 3178 scholia
1110 3113 1176 3178 Me·

162 3221 253 3285 dices
275 3221 350 3285 fons
373 3219 494 3284 fuerint
521 3219 717 3285 scholiastae
739 3219 783 3305 A,
811 3224 849 3284 ut
871 3224 1022 3304 excerpta
1046 3221 1114 3284 sint
1136 3242 1176 3286 ex

163 3329 225 3410 eis,
258 3349 340 3412 quus
367 3328 402 3392 in
434 3325 565 3392 scholiis
594 3325 624 3390 A
651 3326 770 3392 rectius
802 3326 1025 3413 integriusque
1054 3329 1176 3412 scripta

162 3436 324 3517 leguntur.
379 3431 585 3498 Glossemata
623 3436 731 3497 autem
768 3433 926 3499 librorum
959 3435 1176 3499 recentiorum

161 3539 424 3625 antiquissimam
448 3539 639 3604 memoriam
662 3544 906 3623 repracsentare
928 3539 982 3628 (of.
1002 3541 1177 3606 ‘commen-

732 3774 880 3850 A
