2628 3892
132 219 196 270 LIV
530 220 743 273 PRAEFATIO.

132 381 294 446 rationem
316 380 445 464 habuit,
474 381 523 447 ita
547 385 605 446 aut
627 383 718 465 prior
740 382 895 447 librarius
918 383 988 467 ipse
1012 387 1069 448 aut
1093 384 1152 450 ali·

134 488 207 572 quis
236 509 360 574 eorum,
388 489 443 572 qui
471 488 501 552 ei
528 489 724 572 praeierunt.
773 488 812 555 Ε.
836 509 866 574 g.
890 489 932 575 gl.
956 490 1024 555 οἵ
1053 489 1151 576 προέ-

132 617 240 678 κρινε,
260 595 346 678 quod
366 594 457 659 codd.
477 592 570 660 GLO
591 593 744 660 exhibent
761 596 933 681 firmatque
951 598 993 682 gl.
1012 597 1046 661 M
1063 596 1151 682 Sept.

131 701 198 766 492
222 698 422 788 (προεκρίθη
447 701 487 766 ad
511 698 645 787 ᾑρέθη),
669 703 702 766 in
723 701 755 767 V
774 703 821 767 sic
840 706 950 768 sonat:
974 701 1150 790 προέκρινε

130 817 201 872 τῶν
224 808 348 873 ἄλλων
390 807 463 873 Ηοο
487 814 596 873 antem
620 809 729 874 scriba
750 809 785 874 in
809 809 875 874 sch.
894 831 996 895 marg.
1014 811 1151 876 invenit.

130 912 244 998 Neque
267 935 343 979 vero
371 917 440 979 tam
469 935 577 998 saepe,
607 937 704 998 quam
732 915 865 980 cuilibet
893 916 1007 982 leviter
1034 917 1070 981 in
1097 917 1150 982 his

133 1020 266 1085 scholiis
290 1024 422 1086 versato
443 1020 545 1086 videri
569 1021 683 1105 possit,
707 1021 972 1089 honorationem
990 1023 1151 1090 adhibuit.

131 1125 233 1191 Velut
245 1126 294 1190 'ea
314 1128 470 1212 exempla,
494 1127 610 1213 quibus
631 1128 717 1192 idem
736 1129 888 1194 mendum
907 1129 941 1194 in
960 1117 1027 1196 sch.
1046 1151 1149 1216 marg.

132 1239 165 1296 et
187 1233 222 1296 in
246 1231 289 1317 gl.
309 1234 522 1319 conspicitur,
550 1256 644 1299 versa
672 1235 741 1300 vice
768 1235 815 1300 sic
839 1239 915 1300 sunt
943 1237 1149 1321 expedienda,

132 1343 170 1404 ut
190 1339 335 1405 dicamus
349 1341 529 1420 librarium,
547 1341 624 1406 dum
639 1341 763 1408 scholia
777 1342 974 1429 marginalia
992 1349 1149 1427 exararet,

131 1447 330 1531 glossemata
353 1448 535 1532 respexisse
559 1470 734 1534 eorumque
753 1450 953 1532 corruptelas
971 1450 1004 1513 in
1026 1449 1149 1515 scholia

130 1574 231 1638 marg.
254 1554 413 1620 intulisse.
460 1551 548 1630 Quae
576 1555 750 1640 explicatio
778 1555 853 1620 inde
877 1555 1032 1639 efficitur,
1061 1556 1148 1641 quod

129 1659 257 1723 librarii
281 1663 406 1724 textum
431 1659 523 1725 iuxta
546 1661 690 1745 positum
709 1683 838 1748 semper
856 1663 1059 1747 spectabant.
1099 1660 1148 1728 of.

130 1763 195 1829 selu
219 1765 250 1830 A
273 1766 318 1830 44
343 1760 496 1848 Ἀρκτεὺς
523 1765 564 1849 V,
588 1761 722 1851 Ἀρκεὺς
749 1773 916 1854 corrupte,
948 1772 986 1834 ut
1013 1769 1048 1834 in
1074 1769 1147 1855 ipso

129 1875 225 1936 textu
247 1873 479 1938 nonnullorum
503 1873 661 1959 codicum,
683 1875 783 1960 vulgo
797 1874 904 1940 Dd.H.
920 1887 960 1923 '—
978 1875 1044 1941 soh.
1060 1876 1088 1941 A
1105 1877 1147 1943 82

128 1979 164 2044 in
195 1979 348 2046 lemmate
377 2002 439 2046 vox
467 1980 597 2046 λεύσων
630 2004 649 2046 a
677 1981 718 2062 V,
750 1983 805 2067 qui
837 1985 963 2046 textum
995 1982 1147 2066 inspexit,

129 2087 240 2152 addita
268 2090 334 2166 est,
362 2091 400 2152 ut
423 2084 583 2174 ἁμέτερον
612 2089 678 2154 soh.
701 2089 732 2153 A
757 2089 820 2154 148
845 2111 864 2154 a
887 2089 1020 2154 librario
1043 2087 1085 2154 Η.
1103 2125 1148 2136 -

127 2191 168 2256 In
198 2194 350 2259 lemmate
387 2195 452 2260 soh.
481 2195 511 2258 A
539 2195 606 2260 204
635 2203 695 2278 γῆς
727 2217 788 2279 pro
820 2204 928 2280 πηγῆς
960 2194 1006 2280 H,
1042 2200 1080 2260 ut
1112 2196 1147 2260 in

129 2302 221 2363 textu
235 2299 375 2365 fabulae.
386 2335 429 2347 —
444 2301 511 2365 sch.
526 2303 554 2364 A
572 2301 635 2365 136
651 2301 815 2386 δάκρυσιν
830 2302 956 2368 correxi
975 2324 992 2366 ο
1010 2303 1147 2368 lectione

129 2406 216 2490 vulg.
233 2411 265 2470 et
284 2407 327 2490 gl.
341 2405 450 2489 VGL,
474 2407 683 2491 δακρύμασιν
707 2427 723 2470 ο
747 2408 877 2472 fabulae
895 2411 987 2472 textu
1004 2407 1147 2492 irrepsit

130 2547 172 2558 —-
198 2511 308 2576 seh.A
329 2512 395 2577 996
418 2513 478 2578 roc
500 2513 630 2597 polprloc
652 2513 789 2598 ἀνδρῶν
807 2513 847 2594 V,
870 2514 959 2579 utin
976 2518 1068 2580 textu
1086 2536 1147 2598 pro

129 2629 198 2683 τῶν
217 2619 372 2705 Μάρδων
390 2617 536 2703 ἀνδρῶν.
553 2657 591 2668 -
614 2621 680 2686 sch.
700 2623 728 2685 A
748 2622 813 2687 688
833 2623 918 2687 etin
936 2624 1030 2687 textu
1043 2620 1075 2687 V
1088 2645 1147 2686 κα-

128 2730 216 2791 λεῖτε
239 2747 298 2811 pro
321 2730 488 2792 uulslotls.
511 2763 556 2774 -—
579 2727 646 2792 sch.
670 2727 699 2791 A
724 2729 787 2794 601
812 2730 967 2812 ἔμπειρος
991 2727 1029 2812 V,
1052 2733 1089 2793 ut
1112 2729 1146 2793 in

126 2837 229 2916 textu,
253 2855 452 2920 quamquam
476 2834 577 2900 schol.
599 2835 718 2899 falsam
738 2835 914 2900 lectionem
933 2837 1076 2920 ἔμπορος
1095 2857 1146 2900 ex·

125 2941 236 3024 plicat.
259 2977 301 2988 -—
327 2941 394 3006 sch.
418 2940 448 3005 A
474 2940 538 3006 755
562 2945 594 3005 et
617 2943 651 3006 in
673 2941 786 3006 fabula
810 2939 1019 3030 tortosano.

195 3045 321 3111 Eodem
341 3047 438 3113 modo
458 3048 657 3131 glossemata
674 3048 938 3133 respiciebantur.
971 3047 1065 3125 Quod
1083 3048 1145 3114 hoc

127 3152 269 3218 maxime
289 3155 436 3238 exemplo
455 3154 665 3239 perspicuum
683 3155 734 3219 fit:
758 3153 847 3240 g1.v
864 3155 927 3221 143
946 3159 995 3220 est
1015 3152 1145 3240 φέρετε,

126 3281 201 3324 oum
238 3260 273 3323 in
309 3263 400 3325 textu
437 3261 531 3344 ἄνετε
563 3282 602 3325 ex
638 3262 698 3344 ἄγε
731 3265 918 3344 corruptum
950 3262 1002 3326 sit.
1054 3261 1144 3326 Idem
1241 3319 1244 3324 .

128 3367 291 3450 glossema
320 3367 354 3429 in
382 3366 449 3431 sch.
472 3387 574 3452 marg.
593 3367 625 3432 V
647 3389 706 3452 pro
735 3365 816 3452 φέρε
845 3365 1057 3432 substitutum
1086 3373 1144 3434 est.

126 3472 211 3536 Tum
236 3472 278 3556 gl.
297 3493 327 3536 v.
351 3471 416 3537 883
446 3473 480 3536 in
503 3471 535 3537 V
563 3478 713 3558 corrupte
741 3473 863 3558 legitur
892 3471 1015 3553 ἐφώνει
1042 3470 1144 3559 (recte

125 3577 161 3642 in
188 3577 220 3642 H
252 3577 350 3663 κράζε
381 3574 512 3664 φώνει).
558 3578 637 3643 Inde
671 3583 780 3643 autem
814 3578 920 3642 scriba
953 3578 1019 3643 roh.
1043 3601 1147 3665 marg.

1299 2683 1305 2744 l

53 3787 181 3858 Α
220 3821 223 3828 .
