2632 3878
136 163 178 226 72
565 163 722 216 SOHOLIA

202 326 268 391 206
307 323 525 410 ἀποτρόποισι
562 326 711 409 όαίμοσιε
756 334 826 401 τοῖς
862 330 957 400 θεοῖς
989 315 1039 400 οἷς
1070 322 1152 389 ἀπο-

134 433 381 516 τροπιαζόμεθα
409 435 489 510 τοὺς
516 432 677 516 ὀνείρους.
724 430 994 514 ἀποτροπιαστην
1025 426 1061 496 δέ
1083 441 1152 496 τῶν

135 539 277 618 ὀνείρων
306 536 411 623 φασὶν
440 533 526 604 εἶναι
551 539 611 604 τὸν
633 539 739 622 ἥλιον.
784 539 905 602 τούτου
929 538 993 622 γὰρ
1017 537 1158 621 έπιλάμ-.

134 656 261 722 ψαντος
285 646 320 710 οί
341 647 467 729 ὄνειροι
491 645 769 723 όιασκεόόζονται.

206 803 300 872 Vulgo
330 801 371 856 sic
400 801 536 873 seriptum
561 805 605 856 est
628 801 727 870 schol„
756 803 789 854 ut
811 800 982 854 adverbum
1006 799 1152 871 ὠνόμασεν

135 875 225 930 antec.
255 873 357 928 scholii
385 875 495 928 adnexa
523 873 581 927 sint
607 873 695 928 verba
727 872 955 942 ἀποτροπιαστὴν
984 870 1016 927 δὲ
1036 915 1041 926 .
1063 915 1069 926 .
1088 875 1153 927 δια-

135 944 325 1012 σκεόάζονται.
363 945 435 998 Tum
463 946 623 1014 separatum
649 945 704 1000 hoc
733 943 790 997 sch.
817 943 934 1012 legitur:
963 941 1152 1014 ἀποτρόποισι

135 1017 261 1088 δαίμοσι]
279 1013 327 1089 ζοῖς
349 1013 618 1086 ἀποτροπιαζόμεθα
641 1015 706 1077 τοὺς
728 1013 868 1083 ὀνείρους,
891 1013 1042 1068 manifesto
1066 1032 1099 1069 ex
1118 1015 1149 1069 M

134 1088 267 1142 haustum
286 1086 354 1151 (vid.
373 1105 400 1156 p.
420 1087 513 1152 LVII).
532 1117 566 1127 -
585 1088 700 1140 Lemma
723 1087 802 1139 extat
824 1085 855 1138 in
877 1085 932 1138 VH
952 1118 984 1126 -
1004 1093 1020 1140 2
1040 1084 1071 1141 δὲ
1091 1103 1146 1142 om.

134 1159 160 1213 V
180 1189 213 1198 —
233 1164 249 1212 3
269 1157 339 1227 φασὶ
356 1157 406 1213 τὸν
425 1155 504 1227 ἥλιον
524 1155 598 1212 εἷναι
611 1156 638 1209 Η
659 1187 690 1196 -
710 1155 975 1222 4διασκευοίζονται
988 1157 1041 1212 Dd.
1063 1189 1096 1198 -
1116 1157 1150 1211 In

136 1229 158 1283 O
178 1231 249 1283 haec
268 1229 378 1284 addita:
406 1226 480 1292 τινές
498 1227 530 1283 δέ
548 1226 676 1297 λέγουσιν
696 1226 738 1282 ότι
756 1227 838 1290 ἀετὸς
855 1221 891 1295 ἦν
911 1223 998 1301 ἐντῷ
1018 1234 1077 1300 ναῷ
1097 1237 1148 1283 τοῦ

132 1298 307 1368 Ἀπόλλωνος,
326 1297 365 1354 δι’
387 1295 420 1354 ού
439 1300 474 1354 τὰ
491 1298 744 1370 χρησμοόοτήματα
762 1295 890 1368 ἐλέγοντο
909 1306 966 1362 τοῖς
984 1300 1151 1366 ἀνθρώποις

136 1372 186 1462 όρόι
207 1369 457 1498 χοῦΙἈπόλλωνος·
486 1369 515 1434 ὃς
538 1371 573 1439 δὴ
598 1371 679 1432 ἀετὸς
704 1368 772 1424 ἰδὼν
795 1370 900 1438 ταύτην
924 1370 1083 1441 κατέφυγεν
1103 1366 1151 1425 έπλ

135 1464 187 1513 την
222 1461 338 1513 σχαραν.
387 1497 393 1508 ,

203 1605 267 1670 207
309 1602 452 1681 πέλανος
485 1607 609 1688 κυρίως
641 1603 659 1668 ό
692 1605 844 1686 πεπηγὼς
877 1603 982 1686 ῥύπος
1013 1603 1152 1687 λέγεται.
1200 1644 1204 1650 ·

137 1711 257 1786 ἄλλως·
276 1709 294 1775 ὁ
309 1708 417 1792 ἀφρὸς
436 1710 454 1775 ὁ
468 1713 649 1795 γενόμενος
663 1709 700 1774 ἐν
713 1719 753 1794 τῇ
768 1711 880 1796 χύτρᾳ.
904 1710 1154 1795 έτυμολογείται

138 1814 175 1882 δὲ
212 1815 276 1881 ἀπὸ
312 1825 374 1881 τοῦ
409 1817 512 1882 πέλω·
549 1818 587 1881 τὸ
624 1815 882 1902 ἀναστρέφομαι.
929 1816 1077 1883 ἐνταῦθα
1114 1816 1153 1884 δὲ
1202 1915 1205 1920 ¹

137 1922 282 1988 πέλανον
305 1923 366 2006 τὴν
389 1927 516 1990 θυσίαν
540 1926 632 2006 φησί.
677 1925 776 2010 vulgo
784 1923 895 2001 Dd.V.¹

210 2068 224 2115 1
244 2061 366 2125 πέλανος
385 2059 417 2117 δέ
436 2063 462 2117 V
482 2093 513 2102 -
534 2058 623 2133 όύπος
641 2062 665 2115 V
686 2093 718 2102 -
738 2061 846 2133 λέγεται
866 2079 920 2117 om.
934 2063 960 2117 V
980 2095 1012 2104 -
1032 2071 1047 2117 2
1066 2065 1155 2120 verba

137 2133 204 2188 inde
223 2137 259 2189 ab
278 2134 366 2197 ἄλλως
380 2149 434 2189 om.
446 2134 471 2187 V
485 2165 520 2174 —
538 2131 686 2204 γινόμενος
699 2133 794 2202 vulgo.
805 2165 839 2174 —
854 2135 896 2187 Ex
912 2135 932 2188 P
947 2137 1017 2189 baec
1035 2137 1155 2204 praebet

137 2205 203 2260 Dd.:
232 2204 354 2267 πέλανος
381 2205 414 2259 ού
442 2203 530 2276 μόνον
557 2200 603 2259 έπλ
627 2201 718 2274 ὁύπου
745 2213 795 2258 τοῦ
818 2203 881 2259 κατ’
903 2204 1063 2276 ὀφθαλμόν,
1091 2205 1154 2262 σίου

138 2274 238 2346 λήμης,
262 2274 332 2330 ἀλλὰ
355 2275 405 2329 καλ
428 2271 479 2331 έπί
497 2295 573 2338 τινος
590 2273 747 2343 πέμματος,
766 2273 829 2342 ἤτοι
847 2275 992 2345 ποποίνου,
1011 2277 1048 2340 ὡς
1066 2279 1153 2346 δῆλον

139 2343 245 2402 ἐκτῶν
263 2350 400 2401 παλαιῶν.
437 2350 518 2415 θῦμα
542 2343 575 2401 σε’
599 2367 626 2400 τι
645 2342 829 2417 ἑρμηνεύεται
848 2346 862 2400 ὁ
882 2355 1006 2410 τοιοῦτος
1023 2347 1153 2413 πέλανος.

207 2509 272 2574 210
283 2531 353 2594 sqq.
377 2509 586 2592 μεθύστερον
605 2509 656 2574 δίε
680 2511 761 2594 μετὰ
778 2519 877 2576 τοῦτο
893 2506 929 2575 δὲ
944 2509 1011 2595 ὁρῶ
1026 2515 1154 2596 κίρκον,

139 2618 212 2700 ἤτοι
236 2614 360 2702 ίόρακα,
385 2611 599 2698 σφαόοίζοντα
618 2614 674 2681 καὶ
692 2614 791 2694 ὀξέως
809 2618 1010 2701 κινούμενον
1029 2617 1155 2696 ἐντοῖς

138 2733 270 2807 πτεροῖς
301 2720 356 2787 καλ
388 2726 504 2807 χηλαῖς
535 2723 610 2806 ἤτοι
637 2721 675 2787 ἐν
701 2734 771 2798 τοῖς
798 2724 892 2803 όνυξι
919 2727 956 2790 τὸ
984 2724 1068 2808 κόρα
1097 2723 1154 2790 καί

139 2831 200 2913 τὴν
213 2829 363 2913 κεφαλὴν
377 2837 438 2894 τοῦ
454 2829 553 2894 ἀετοῦ
572 2830 802 2895 διακόπτοντα.
831 2830 849 2894 ὁ
869 2828 916 2912 όέ,
936 2830 1029 2907 ἀετὸς
1047 2833 1155 2915 ἤγουν

114 2935 158 3001 τό
190 2934 329 3019 Ξέρξης,
368 2933 468 3001 οὐδὲν
500 2937 582 3000 ἀλλο
615 2936 719 3001 ἐποίει
751 2935 772 3021 ἢ
804 2925 910 3021 μόνον
941 2948 1075 3022 παρεῖχε
1107 2947 1153 3027 τῷ

140 3040 245 3125 ίέρακι
268 3042 305 3106 τὸ
330 3053 424 3127 σῶμα
448 3048 594 3126 χρῆσθαι
618 3043 663 3119 ὡς
685 3043 850 3127 βούλεται.
892 3043 989 3109 ἀετὸν
1007 3039 1069 3109 οὖν
1092 3045 1153 3110 τὸν

211 3186 225 3234 1
250 3179 320 3250 μετὰ
343 3179 374 3236 δέ
397 3189 479 3236 τοῦτο
501 3180 600 3250 vulgo,
626 3181 696 3250 μετὰ
718 3190 801 3236 τοῦτο
824 3181 898 3252 ὁρῶν
922 3182 947 3236 Η
985 3213 1017 3222 -
1054 3184 1155 3249 κίρκον

138 3250 201 3317 ἤτοι
220 3267 274 3306 om.
289 3250 346 3305 VH
365 3284 397 3293 -
418 3259 434 3318 3
448 3251 497 3306 καὶ
512 3247 543 3306 έν
558 3255 655 3322 χηλαῖς
668 3252 721 3306 Dd.
739 3286 768 3293 —
790 3257 887 3324 χηλαῖς
900 3251 963 3320 ἥτοι
978 3269 1032 3308 om.
1049 3253 1104 3309 VH
1119 3287 1154 3297 -

138 3321 201 3389 ἥκοι
219 3329 277 3384 τοῖς
295 3323 381 3392 vulgo
402 3356 434 3363 -
453 3323 485 3378 τὸ
503 3321 578 3393 κόρα
596 3322 645 3377 καλ
664 3340 717 3379 om.
731 3324 757 3378 V
779 3357 809 3364 -
830 3322 1002 3379 4atsw13v
1023 3355 1055 3366 -
1075 3323 1091 3379 ό
1111 3326 1155 3394 δέ,

138 3392 227 3518 χ”γουν
255 3392 270 3447 ό
299 3393 393 3462 ἀετός,
421 3394 470 3449 τὸν
498 3392 608 3464 Ξέρξην
632 3393 663 3449 δὲ
686 3396 881 3450 ὑπαινίττεται
899 3395 955 3449 VH
978 3393 1021 3466 (δέ
1045 3412 1098 3450 om.
1118 3397 1156 3464 Η,

154 3466 329 3519 παιυίττεται
347 3465 384 3534 Η)
403 3497 438 3506 —-
456 3471 472 3520 6
491 3473 541 3520 τοῦ
560 3474 639 3535 σῶμα
657 3469 783 3536 χρᾶσθαι
803 3467 839 3530 ὡς
854 3466 909 3521 VH
929 3497 962 3507 -
982 3467 1070 3541 τούτῳ
1088 3472 1157 3538 post

139 3539 264 3606 χρῆσθαι
282 3536 433 3592 inser‚1)d,
452 3567 486 3577 ..
