2642 3872
552 237 590 287 IN
609 237 640 288 V.
660 238 810 290 900-907.

173 1512 239 1578 900
258 1515 419 1589 πλουσίας
432 1512 471 1578 V.
494 1516 655 1590 πλουσίας

171 1622 296 1702 νήσους
341 1617 361 1702 ἢ
407 1622 519 1696 πόλεις
560 1619 654 1684 BGL

173 1725 304 1812 (πλουσ.
313 1725 433 1812 om.B).
447 1765 484 1772 -
497 1728 579 1791 κατὰ
598 1726 654 1790 λό-

172 1856 229 1916 χος
256 1833 421 1914 εὑρούσας
444 1832 482 1896 V.
514 1870 552 1879 —
588 1833 651 1898 901

173 1941 299 2002 κόλπον
317 1938 356 2003 V.
385 1941 510 2004 κόλπον
535 1940 654 2021 δηλον-

172 2048 223 2111 ότι
239 2044 275 2110 G.
294 2083 332 2092 —
350 2047 415 2110 902
434 2044 515 2122 *τὰς
530 2048 655 2128 νήσους

173 2153 330 2235 δηλονότι
345 2151 384 2218 V.
406 2190 444 2198 -
466 2153 531 2226 903
554 2153 655 2227 ἰδίαις

172 2258 247 2324 VB.
273 2297 311 2305 —-
338 2259 520 2342 ἀκάματον]
543 2256 654 2323 *πολὺ

172 2366 213 2432 V.
240 2404 277 2412 —
308 2370 433 2449 παρῆν]
459 2364 586 2454 *αὐτῷ,
609 2373 654 2452 τῷ

172 2477 307 2559 Δαρείῳ
323 2473 362 2537 V.
380 2511 417 2519 —
440 2474 506 2538 904
524 2479 654 2554 πλῆθος

171 2603 231 2663 pro
244 2601 320 2644 voce
334 2579 457 2655 σθένος
471 2581 504 2642 in
518 2578 654 2644 textuV.

173 2726 214 2734 —
239 2687 304 2752 905
327 2683 491 2769 *βοηθῶν
510 2684 583 2749 VB.
612 2722 649 2732 -

171 2795 236 2861 906
261 2794 453 2878 ἀμφιβόλως
476 2791 511 2857 L.
551 2791 653 2875 ἀναμ-

172 2903 319 2986 φιβόλως
334 2898 410 2982 (βόλ
428 2921 508 2964 corr.
524 2920 562 2962 ex
577 2896 652 2984 λόγ)

171 3008 209 3072 G.
223 3044 260 3053 -
277 3004 409 3088 *ἤγουν
424 3003 602 3088 ἀληθῶςλλ.
612 3041 650 3050 -

171 3113 235 3177 9ολ
261 3113 300 3176 τὰ
324 3121 388 3174 νῦν
409 3114 571 3194 γενόμενα
590 3108 652 3196 (μι-

170 3221 295 3304 νόμενα
311 3217 393 3301 cod.)
404 3216 444 3298 V,
463 3218 548 3282 infra
567 3220 650 3302 quod

170 3327 211 3390 τὰ
232 3325 268 3390 έκ
286 3331 372 3389 θεοῦ
390 3325 578 3407 τρεφόμενα
596 3323 651 3388 καὶ

170 3431 379 3513 αὐξανόμενα
430 3432 511 3514 πρὸς
558 3429 651 3514 ἡμᾶς.

169 3539 207 3605 ἐκ
243 3543 328 3602 θεοῦ
364 3535 530 3618 τραπέντα
569 3539 651 3622 πρὸς

709 1622 772 1687 901
795 1615 945 1698 Ἰωνίόας
977 1619 1119 1707 (όονίδας
1142 1617 1189 1706 m)

708 1730 828 1805 πόλεις.
862 1765 900 1774 -
936 1729 1001 1794 903
1034 1736 1080 1817 τῷ
1115 1729 1189 1815 ι’δόςο

708 1839 869 1922 λογισμῷ,
912 1826 985 1900 οἷον
1025 1837 1191 1921 φρόνιμος

710 1942 766 2005 ὥν.
788 1979 826 1987 -

708 2793 773 2858 906
797 2792 880 2856 ἀλλὰ
903 2792 1046 2875 ἀληθῶς.
1072 2829 1109 2840 -·

708 2898 772 2962 907
796 2898 861 2963 ὑπὸ
889 2906 981 2963 θεῶν
1009 2897 1188 2982 ἐνεχθέντα

707 3002 762 3070 καλ
785 3012 879 3082 θεοῖς
903 3004 1054 3084 δόξαντα.
1076 3044 1113 3052 -
