2642 3872
149 75 216 140 130
407 37 411 42 ’
580 80 737 132 senona

150 239 224 303 τότε
249 238 285 303 οί
301 236 459 324 Ἕλληνες
484 250 609 307 παιᾶνα
631 239 686 306 καὶ
708 241 819 326 ὕμνον
844 240 1018 328 ἐφύμνουν
1042 244 1166 326 σεμνὸν

123 343 195 422 εὼς
217 343 254 410 ἐν
278 354 381 432 φυγή,
404 348 511 431 ἤγουν
535 348 579 426 ὡς
597 349 680 433 πρὸς
698 350 812 435 φυγήν
834 349 1009 414 άποκλῖναι
1028 346 1165 433 μέλλον.-

147 473 211 536 τες,
234 449 308 518 ἀλλ’
332 445 406 519 οἷον
429 455 476 531 είς
498 455 606 540 μάχην
629 455 804 541 ὁρμῶντες.
851 452 1088 544 OP(Dd.)VH.

147 614 165 661 4
182 618 293 666 παιᾶνα
312 611 361 665 καί
380 629 433 667 om.
448 613 510 680 Dd.,
529 613 579 668 καὶ
596 613 686 684 ὕμνον
705 631 759 670 om.
774 615 808 683 V,
826 622 937 670 παιᾶνα
955 611 1045 684 ὕμνον
1060 612 1164 682 σεμνὸν

148 674 338 750 ἐφύμνουνΗ
368 714 401 723 -
429 682 519 754 ὕμνον
544 684 652 755 ὕμνουν
683 685 785 757 σεμνὸν
814 686 850 749 ὡς
879 687 931 740 Dd.
955 702 989 739 ex
1012 684 1041 751 P,
1074 683 1165 754 ὕμνον

148 751 295 822 εὐφήμουν
314 753 441 817 ὡςΟ.-
462 765 477 810 b
497 753 584 826 ἤγουν
603 756 710 820 πρὸςΟ
730 788 763 798 -
788 763 803 812 6
824 757 861 820 ὡς
879 755 920 820 εἰς
934 757 968 824 Η,
988 756 1025 819 ὡς
1039 751 1069 810 ἐν
1088 753 1164 826 μάχῃ

146 822 200 878 Dd.
211 839 244 877 ex
255 823 286 892 0,
306 823 346 888 είς
364 824 457 896 μάχην
475 826 498 879 Ρ
516 844 534 880 a
552 831 716 898 correctore,
733 828 756 882 V

214 1039 279 1105 398
317 1040 337 1123 ή
357 1040 497 1125 σάλπιγξ
518 1039 555 1107 δὲ
573 1041 610 1107 ἐν
629 1042 711 1128 ἀϋτή
729 1041 783 1108 καὶ
803 1046 867 1129 βοή
886 1040 946 1110 καὶ
970 1042 1031 1128 ήχή
1055 1043 1163 1107 πάντα

146 1143 256 1210 ἐκεῖνα
280 1144 470 1231 ἐπέφλεγεν,
497 1150 571 1233 ήτοι
594 1150 635 1215 τὰ
657 1160 725 1214 τῶν
743 1137 914 1234 Ἑλλήνων
939 1148 1083 1228 ἐξέκαιεν
1106 1147 1163 1213 καὶ

145 1251 322 1337 ἀνήγειρεν
352 1252 374 1337 ἡ
407 1254 548 1338 σάλπιγξ
578 1254 599 1340 ή
631 1255 738 1321 πάντα
774 1257 814 1322 τά
849 1256 954 1322 ἐκεῖσε
985 1257 1162 1340 περίχωρα.

144 1357 363 1426 Pauw.Dd.V.

217 1517 305 1572 1καὶ
328 1513 360 1573 ἐν
383 1519 456 1593 ἀνιᾷ
478 1520 529 1591 βοή
549 1519 643 1573 Pauw.
681 1550 714 1562 -
752 1520 800 1574 nal
824 1521 875 1592 βοή
900 1521 992 1575 om.V
1025 1551 1058 1560 ·-
1096 1519 1168 1588 ἠχοῖ

143 1588 295 1645 Pauw.Dd.
318 1621 350 1628 -
374 1595 390 1642 θ
410 1589 600 1660 ύπερέφῖεγεν
619 1590 769 1646 Pauw.Dd.
793 1623 829 1632 —
852 1594 917 1660 post
934 1599 990 1646 τῶν
1004 1588 1160 1658 Ἑλλήνωνι

142 1657 238 1714 πάντα
256 1661 399 1731 περίχωρα
416 1659 452 1715 τὰ
471 1656 534 1716 ἐκεῖ
543 1663 587 1730 (οῖ
605 1663 691 1717 schol.
711 1679 729 1717 a
746 1679 814 1717 voce
834 1661 951 1732 σάλπιγξ
969 1661 1093 1731 finiatur)
1104 1661 1159 1718 Dd.

144 1762 176 1770 —
199 1727 347 1796 ἐξέκαιεν.
364 1733 527 1803 ,περίχωρα
546 1748 601 1788 om,
615 1734 709 1790 Pauw.
729 1764 763 1774 —
783 1728 892 1800 ἐξένεπε
912 1733 937 1788 V

211 1946 275 2013 399
286 1971 333 2032 sq.
379 1948 483 2026 εὐθὺς
511 1945 548 2014 δὲ
578 1951 700 2033 κύπήςε
729 1949 834 2026 εὐθὺς
862 1945 899 2014 δὲ
923 1948 960 2015 ἐν
982 1957 1020 2033 νή
1045 1965 1159 2032 συγκι-

143 2056 237 2138 νήσει
264 2063 321 2138 τής
348 2055 460 2140 κάπης
486 2064 544 2140 τής
576 2050 739 2142 ῥοθιάδος
769 2054 826 2122 καὶ
853 2065 910 2140 τῆς
936 2055 1092 2140 ήχήτικής
1120 2055 1158 2121 ἐν

141 2169 187 2250 τῷ
205 2168 375 2226 κινεῖσθαι
397 2161 418 2246 ή
441 2170 500 2245 τής
523 2162 561 2228 ἐν
582 2163 674 2250 ὑγρῷ
697 2160 921 2247 ἐλαυνομένής
940 2164 1080 2226 ἔπαισαν
1102 2160 1158 2226 καί

26 2268 28 2272 ’
141 2268 268 2345 ἕτυψαν
300 2265 354 2332 καὶ
388 2271 554 2352 ἔκρουσαν
585 2270 646 2351 τήν
673 2269 781 2353 ὕλμήν
809 2266 865 2333 καὶ
891 2271 953 2353 τήν
979 2269 1157 2334 θάλασσαν

114 2374 203 2457 ετήν
230 2374 372 2458 βρύχιον
399 2372 454 2440 καὶ
488 2378 640 2458 βαθεῖαν.
685 2377 722 2441 τὸ
756 2371 794 2440 δέ
826 2376 967 2461 βρύχιον
995 2374 1068 2441 άνιὶ
1096 2385 1157 2442 τοῦ

141 2481 277 2545 νείοθεν
300 2477 355 2545 καὶ
378 2479 442 2546 άπὸ
465 2489 526 2547 τοῦ
549 2484 670 2566 βυθοῦ,
717 2479 950 2568 OP(Dd.)VH.

214 2646 226 2692 1
248 2633 279 2693 ἐν
296 2645 330 2709 τῇ
350 2655 404 2693 om.
421 2639 452 2707 0,
471 2646 504 2710 τῇ
524 2655 577 2694 om.
592 2640 649 2695 VH
668 2673 701 2680 —
721 2646 736 2694 2
757 2635 788 2695 ἐν
808 2640 950 2695 om.V-
970 2637 1154 2709 3τήςουι.Η

141 2741 173 2749 -
194 2708 314 2764 ἔπαισαν
333 2707 365 2764 δὲ
384 2709 433 2764 καὶ
451 2709 477 2763 Η
498 2742 528 2750 -
556 2711 604 2766 καὶ
625 2709 733 2781 ἐτυψαν
752 2711 802 2766 καὶ
822 2709 959 2780 ἔκρουσαν
978 2727 1031 2766 om.
1046 2709 1098 2764 Dd.
1121 2741 1152 2750 -

140 2789 156 2834 4
175 2781 222 2835 καί
246 2780 297 2851 τὴν
320 2780 470 2836 θάλασσαν
494 2798 548 2839 om.
566 2782 620 2838 Dd.
645 2815 678 2824 -
707 2790 723 2837 ὁ
746 2782 798 2854 τὴν
822 2782 938 2856 βρύχιον
961 2781 1010 2836 καὶ
1029 2783 1154 2855 βαθεῖαν

138 2868 193 2994 χω.
208 2851 320 2975 Ἦῇ-
343 2852 375 2907 τὸ
395 2851 426 2908 δὲ
442 2895 447 2908 .
465 2861 535 2908 ,τοῦ
555 2855 647 2926 βυθοῦ
667 2871 720 2910 om.
736 2855 758 2908 P
776 2885 812 2894 -
832 2862 847 2909 6
866 2852 915 2907 καὶ
934 2869 988 2908 om.
1005 2853 1025 2905 V
1044 2885 1077 2893 -
1096 2851 1153 2906 ἀπὸ

157 2926 232 2977 υθοίι

206 3120 271 3184 401
319 3111 405 3206 ήσαν
429 3119 466 3187 δὲ
489 3119 544 3187 καί
568 3121 726 3208 ὥρμησαν
748 3081 869 3198 πάντες
891 3122 1079 3208 ταχυτάτως
1096 3120 1152 3187 καὶ

137 3225 319 3310 εὐκινήτως
336 3227 380 3304 ὡς
394 3228 481 3295 ίβεῖν
495 3228 617 3306 αὐτοὺς
632 3229 788 3313 ἐμφανεῖς
802 3227 856 3294 καί
872 3229 958 3312 άγαν
972 3229 1151 3314 φανερούς,

211 3390 223 3436 l
244 3375 359 3450 ἦσανΟ
384 3415 416 3423 -
441 3383 566 3455 ὥρμισαν
584 3385 611 3440 V
630 3417 661 3426 -
685 3377 798 3448 πάντως
818 3385 840 3439 Ο
869 3417 904 3427 -
932 3385 980 3440 καὶ
999 3384 1152 3453 εὐκινήτως

136 3471 192 3510 om.
210 3453 264 3508 Dd.
283 3483 317 3494 -
343 3449 515 3524 θέκφανείς
532 3455 585 3510 Dd.
605 3487 637 3496 -
