2652 3866
514 139 553 189 IN
571 139 602 190 V.
624 140 774 191 871-880.

138 302 199 366 871
227 301 360 384 ὃίυνροι
388 298 616 385 (παραθαλάσ-

1086 136 1151 201 239

671 299 733 364 871
760 299 797 362 αλ
818 299 964 382 ὃίυγροο·
991 293 1153 388 Ἀχελῷον

137 407 270 491 σιοιΒ)·
295 405 458 494 Ἀχελῷον
474 404 616 494 (άχελώη
670 406 734 489 γάρ
753 415 820 470 πᾶν
838 405 931 490 ὕδωρ
951 405 1094 489 λέγουσι.
1108 445 1152 453 -

137 515 174 597 B,
193 513 314 598 άχελωῒ
327 512 371 600 G)
386 515 449 598 γάρ
468 515 506 580 τὸ
524 513 617 598 ὕδωρ

137 623 219 686 κατὰ
241 625 397 704 γλῶσσαν
418 619 487 685 BG.
510 657 547 666 -

137 783 203 847 874
227 784 358 866 λίμνας]
387 777 431 864 *η
461 802 557 864 super
585 803 616 862 α,

137 911 234 972 super
254 912 274 972 η
299 911 319 952 a
341 910 388 971 pr.
413 909 466 950 m.:
494 887 618 952 θαλάσ-

136 1011 196 1069 σας
228 995 314 1078 quod
347 996 382 1059 in
419 993 619 1074 *θαλάσσης

136 1123 217 1167 corr.
236 1101 291 1165 alh
310 1123 352 1166 m.
365 1100 405 1166 V.
446 1100 618 1183 θαλάσσης

136 1206 229 1272 BGL
254 1206 324 1292 (τῆς
348 1207 419 1273 add.
440 1205 492 1293 G).
517 1243 557 1252 —
583 1207 621 1270 αἱ

136 1312 196 1391 ἔξω
211 1323 269 1397 της
282 1314 455 1396 θαλάσσης
469 1335 571 1398 marg.
582 1313 616 1378 L.

135 1420 191 1485 καὶ
224 1419 293 1506 (καλ
327 1443 388 1485 om.
413 1420 456 1506 G)
490 1421 527 1484 αί
555 1419 616 1498 ἔξω

135 1537 193 1610 τῆς
228 1528 402 1610 θαλάσσης
438 1527 515 1592 οσαι
552 1524 617 1590 ελσὶ

136 1637 343 1718 μεσηπειροι,
372 1634 417 1709 ὡς
443 1631 616 1717 καὶμέχρι

130 1737 356 1826 Ὑπερβορέων
374 1739 617 1824 παρατεινάσης

118 1857 192 1931 ,τῆς
229 1846 330 1933 ἀρχῆς
367 1857 436 1912 τῶν
472 1851 616 1930 Περσῶν

136 1953 218 2040 (τῆς,
234 1964 301 2019 τῶν
326 1958 368 2018 Π.
388 1955 490 2038 ἀρχῆς
509 1953 553 2040 G)
580 1953 616 2038 B,

135 2083 237 2145 marg.
247 2060 284 2126 G.
302 2097 340 2107 -
361 2059 508 2138 *αἵτινες
517 2061 558 2126 V.
575 2097 613 2109 -

134 2169 199 2233 876
224 2170 490 2258 συσνρεφόμεναι
509 2167 548 2232 V.
575 2205 612 2214 -

134 2275 308 2340 κάνλωθεν
332 2275 372 2340 V.
396 2312 437 2321 -
466 2274 529 2340 877
554 2284 615 2340 τοῦ

133 2381 428 2468 ΔαρείουλλΒΘΙο.
439 2419 477 2428 -
489 2383 615 2465 ἤκουον

134 2488 242 2556 VBG.
266 2489 412 2554 άκονσον
430 2488 466 2553 L.
487 2525 527 2535 -—
550 2490 613 2555 879

134 2595 328 2680 αὐχόμεναι]
357 2590 537 2682 καὶοαῦχος
559 2593 614 2660 καλ

133 2704 284 2788 καύχημα
336 2704 471 2786 ἔχουσαι
517 2699 613 2787 (*τὸν

134 2815 283 2893 Δαρεῖον
303 2809 373 2874 add.
389 2810 445 2875 alt.
460 2806 515 2896 m.)
523 2807 600 2874 V.-

134 2969 200 3034 880
214 2971 328 3054 μυχία]
344 2971 479 3051 βαθεῖα·
494 2966 560 3056 m
572 2969 612 3051 Β)

134 3075 171 3141 ἐν
186 3082 232 3161 τῷ
246 3083 339 3163 μυχῷ
355 3074 405 3159 (ἐν
419 3083 464 3162 τῷ
479 3073 564 3141 τέλει
578 3074 613 3160 L,

134 3181 171 3247 ἐν
194 3191 311 3266 μυχοῖς
334 3182 375 3266 G)
399 3191 460 3246 τοῦ
475 3179 614 3266 Ἑλλησ-

132 3290 259 3353 πόντου
283 3285 414 3373 κειμένη
430 3287 532 3354 BGL.
548 3326 589 3336 —

672 513 737 578 873
751 523 818 576 τῶν
834 511 1094 596 ἐπαυλισμάτων.
1112 551 1149 559 -

672 779 738 845 874
756 777 811 845 καὶ
831 778 891 858 ἔξω
908 788 965 863 τῆς
979 780 1152 864 θαλάσσης

673 886 748 951 ὅσαι
772 884 835 951 εἰσὶ
859 889 1060 970 μεσηπειροι.
1079 924 1114 933 -
1224 954 1227 959 ,
1309 949 1310 968 1

671 1419 736 1484 875
759 1429 832 1496 τοῖς
849 1422 970 1504 τείχεσι
988 1425 1150 1485 κεκυκλω-

670 1523 775 1608 μέναι,
793 1562 831 1573 -
849 1527 913 1592 876
933 1529 1015 1592 κατὰ
1033 1537 1150 1593 κοινοῦ

669 1630 852 1715 γεγένηται.
870 1670 908 1681 -
926 1636 990 1700 877
1006 1643 1066 1700 τοῦ
1081 1639 1150 1698 Λα·
1195 1687 1199 1696 .

671 1741 774 1823 ρείον.
787 1777 824 1786 -
840 1739 1100 1828 ὑπηκουονρλ.)
1110 1777 1147 1788 -

669 2968 732 3034 878
766 2966 829 3032 άπὸ
862 2975 979 3032 κοινοῦ
1011 2969 1048 3032 τὸ
1080 2959 1152 3033 οἷαί

669 3075 763 3139 εἰσιν.
782 3111 818 3120 -
836 3075 873 3138 αλ
889 3073 964 3160 περὶ
981 3072 1084 3159 (παρὰ
1099 3073 1147 3161 m)

666 3183 726 3246 τὸν
744 3177 992 3272 Ἑλλησποννον
1017 3187 1147 3264 οἴκησιν
1166 3219 1171 3230 ·

668 3290 802 3372 ἔχουσαι
825 3285 1002 3375 (αὐχοῦσαι
1026 3287 1081 3372 m).
1107 3325 1145 3336 -

667 3395 732 3460 879
766 3391 837 3460 ‘5752
868 3398 983 3460 πλατεῖ
1012 3388 1147 3478 Ἑλλησ-

666 3502 793 3589 πόντῳ’
822 3499 933 3590 (Hom.
954 3505 995 3567 H
1014 3498 1080 3587 86).
1107 3539 1143 3548 -
