2632 3878
448 157 702 211 ARGUMENTUM
720 157 895 210 FABULAE.

361 904 720 994 'ARGUMENTUM
747 901 971 977 FABULAE

441 1055 468 1109 ο
493 1053 649 1110 comos
671 1054 707 1109 M
729 1054 907 1112 τοιαῦτα.

357 1181 562 1263 ‘buttem
585 1191 751 1270 Περσῶν
775 1187 987 1271 Αἰσχύλου.

232 1333 383 1407 Γλαῦκος
415 1328 452 1394 έν
483 1339 552 1404 τοῖς
584 1327 659 1412 περὶ
686 1327 859 1412 Αἰσχύλου
891 1329 1013 1413 μύθων
1045 1329 1081 1394 έν
1112 1341 1180 1395 τῶν

169 1441 360 1502 Φοινισσῶν
385 1439 559 1519 Φρυνίχου
586 1433 669 1519 φησι
697 1437 776 1511 τοὺς
800 1433 933 1519 Πέρσας
956 1447 1180 1522 παρααεποιῆ-

165 1551 256 1610 σθαι.
302 1542 454 1627 ἐκτίθησι
476 1540 532 1606 καὶ
559 1543 621 1624 τὴν
646 1541 750 1625 ἀρχὴν
773 1551 834 1608 τοῦ
863 1542 1030 1626 δράματος
1057 1545 1180 1627 ταύτην

285 1663 358 1733 ταδ’
385 1664 454 1732 ἐστὶ
477 1671 621 1751 Περσῶν
644 1677 712 1730 τῶν
735 1666 836 1732 πάλαι
860 1669 1057 1751 βεβηκότων.
1206 1685 1219 1725 ο

81 1758 84 1764 ¹
165 1791 252 1876 πλὴν
272 1791 340 1858 ἐκεῖ
352 1791 512 1877 εὐνοῦχός
526 1790 616 1857 έστιν
635 1789 806 1874 ἀγγέλλων
822 1789 858 1856 έν
876 1791 960 1876 ἀρχῇ
978 1793 1039 1875 τὴν
1053 1791 1180 1876 Ξέρξου

162 1895 277 1983 ἧτταν,
302 1899 443 1982 στορνύς
466 1921 501 1963 τε
519 1900 670 1981 θρόνους
687 1899 780 1974 τινὰς
798 1908 869 1975 τοῖς
886 1906 944 1982 τῆς
963 1897 1063 1983 ἀρχῆς
1081 1898 1179 1984 παρέ-

166 2008 270 2092 δροις,
294 2006 441 2071 ἐνταῦθα
466 2003 502 2068 δέ
525 2007 713 2087 προλογίζει
737 2005 836 2090 χορὸς
854 2008 1058 2088 πρεσβυτῶν.
1098 2009 1179 2086 [τῶν

163 2111 201 2179 δὲ
223 2122 335 2198 χορῶν
363 2109 522 2200 (χορικῶν
550 2113 630 2176 coni.
654 2110 795 2193 Weckl.)
823 2111 863 2175 τὰ
891 2109 953 2194 μέν
981 2111 1050 2176 ἐστι
1077 2133 1179 2194 τιαρο-

165 2221 252 2302 δικοέ,
276 2219 330 2285 ὅτε
354 2219 441 2302 λέγει
466 2212 510 2282 δι’
536 2217 579 2301 ἣν
602 2218 712 2282 αἰτίαν
735 2216 894 2301 πάρεστιν
918 2217 962 2294 ὡς
985 2219 1022 2282 τὸ
1194 2238 1219 2276 ιο

462 2341 587 2426 Τύριον
610 2337 711 2426 οἶδμα
735 2346 889 2424 λιποῦσα,

163 2471 203 2534 τὰ
228 2464 265 2533 δὲ
288 2467 440 2552 στάσιμα,
465 2468 518 2532 ὅτε
541 2467 670 2532 ἵσταται
692 2464 747 2532 καὶ
771 2468 905 2551 ἄρχεται
927 2475 985 2551 τῆς
1005 2476 1179 2552 συμφορᾶς

134 2615 137 2622 -
162 2585 223 2641 τοῦ
247 2575 423 2661 δράματος,
447 2575 486 2639 τὰ
511 2569 547 2638 δὲ
569 2573 763 2658 αομματικοί,
787 2573 841 2638 ὅτε
865 2575 983 2639 λοιπὸν
1003 2572 1039 2638 έν
1058 2565 1176 2660 θρήνῳ

234 2899 250 2946 2
269 2909 307 2948 vs
321 2908 385 2946 cum
400 2891 566 2960 compendio
581 2906 665 2959 super
678 2909 702 2959 τ,
721 2890 796 2958 quod
811 2909 853 2953 οις
867 2888 1016 2959 significat,
1034 2890 1070 2944 Μ.
1104 2889 1178 2943 Num

161 2966 228 3020 ants
246 2979 373 3018 rasuram
395 2970 446 3018 τῶι
468 2960 566 3028 luerit,
591 2965 624 3015 ut
646 2962 677 3016 in
702 2977 801 3017 averso
824 2959 894 3016 folio
913 2961 1040 3031 proxime
1063 2977 1178 3031 praece-

162 3035 249 3104 denti,
268 3034 344 3103 quod
363 3037 519 3089 extremum
538 3036 581 3088 est
600 3032 748 3102 Sophoclis
766 3031 990 3102 tragoediarum,
1015 3031 1072 3086 alia
1092 3049 1176 3101 quae-

162 3107 228 3160 dam
242 3123 350 3174 manus,
368 3122 440 3174 quae
456 3103 678 3159 stichomstriam
694 3104 778 3173 Soph.
794 3103 849 3158 scri
870 3103 909 3157 sit
924 3107 952 3158 et
965 3102 1080 3158 initium
1094 3105 1176 3158 huius

160 3177 326 3248 hypothesis
346 3175 466 3240 addidit,
490 3179 610 3245 γλαῦκος
629 3170 660 3230 έν
678 3183 729 3229 τῶι
747 3174 812 3245 περὶ
831 3195 850 3228 α
879 3174 965 3245 χύλοο
988 3174 1116 3245 exhibet,
1140 3192 1177 3228 an

161 3249 237 3318 quod
265 3248 373 3303 mavult
391 3246 524 3302 Vitellius
551 3254 585 3316 τῆ
613 3245 642 3316 (i.
662 3264 686 3301 s.
709 3253 743 3318 τῇ
767 3247 826 3301 scil.
849 3248 1047 3322 πραγματείᾳ),
1076 3264 1177 3316 parum

161 3321 260 3389 liquet.
281 3351 312 3360 -
338 3324 354 3372 8
373 3326 429 3374 τῶν
452 3315 484 3373 δὲ
500 3359 524 3372 ..
539 3319 660 3388 γίνεται,
683 3334 756 3386 quse
778 3319 865 3372 verba
888 3318 975 3372 etism
998 3317 1035 3372 ad
1058 3319 1176 3372 Aristot.

160 3391 239 3446 Post.
259 3397 331 3446 c.12
350 3389 381 3444 in
398 3405 487 3459 marg.
507 3389 570 3445 libr.
584 3388 708 3444 Parisini
725 3395 805 3458 2040,
825 3388 1002 3444 lliceardisni
1024 3396 1065 3453 15,
1084 3387 1175 3441 Guelf.

161 3463 306 3532 adscripta
322 3461 508 3531 reperiuntur,
527 3460 644 3516 seclusit
662 3457 863 3516 Blomfieldius.
876 3492 907 3502 -
922 3462 1012 3516 τῶνδε
1030 3460 1047 3529 5
1064 3459 1102 3524 Μ,
1121 3467 1177 3510 τῶν

161 3541 253 3605 χορῶν
271 3533 338 3590 libri
356 3534 474 3588 Aristot.
494 3563 526 3573 -
549 3537 581 3586 13
601 3531 617 3587 ὅ
634 3553 662 3586 τι
679 3531 831 3603 legendum
851 3531 963 3587 videtur
981 3529 1090 3585 Weckl.

980 3619 1017 3675 1⁸
