2642 3864
513 193 553 242 IN
570 192 602 243 v.
621 193 773 245 ιοι-ιοο.
1086 193 1152 258 155

135 351 470 437 bonnuxffigVBGL.
488 389 530 400 -—
550 353 615 418 484
733 407 735 412 .

136 457 323 543 ἐπιτήδειον
356 448 480 542 ἄνεμον
508 458 548 524 Η.
575 495 612 505 -

134 560 207 630 κατ’
220 564 345 649 ἀνέμου
360 567 474 650 φύσην
487 565 615 650 (φυγὴν

135 670 219 756 cod.)
233 671 273 736 V.
291 709 329 718 -
349 671 552 757 προέκριναν
567 671 615 754 (in

135 775 212 865 ras.)
230 778 271 844 V.
302 817 347 826 —
378 779 505 862 φυγὴν]
540 802 615 844 τινα

135 883 225 972 (τίνα
245 883 327 972 eod.)
341 885 380 950 V.
402 923 440 932 -
461 886 528 952 485
547 885 615 952 ἐπί·

7 1049 14 1068 ,
134 991 294 1074 (homos)
316 993 483 1058 nonnullis
508 993 614 1058 verbis

134 1100 234 1164 erasis
249 1098 288 1164 V.
313 1100 331 1165 ὁ
349 1101 477 1178 πεζικὸς
492 1099 532 1164 Η.
550 1137 588 1146 -

133 1207 199 1271 486
218 1206 392 1292 ἠφανίσθη
413 1205 452 1271 V.
471 1243 516 1253 —
538 1205 613 1288 περὶ
668 1203 734 1269 486
779 1206 880 1282 τόπος
924 1208 1087 1284 Βοιωτίας
1127 1206 1147 1290 ἡ

132 1311 205 1378 VL.
238 1349 277 1360 —
315 1315 416 1390 τόπος
451 1316 614 1391 Βοιωτίας
667 1311 793 1394 Κρήνη.
816 1347 854 1356 -

132 1418 302 1504 ΚρήνηΗ.
325 1422 500 1504 κρηναῖον]
519 1419 613 1504 ὕδωρ

131 1526 171 1592 V.
199 1564 235 1574 -
261 1527 376 1610 γάνος]
405 1535 465 1591 τοῦ
491 1526 614 1605 ὕδατος
667 1522 731 1588 487
744 1515 818 1588 οἷον
827 1524 1147 1610 flammatos.-

132 1633 174 1700 Η.
221 1634 327 1719 χαρὰν
350 1631 390 1698 V.
430 1629 533 1716 Super
554 1633 612 1716 γά-

106 1764 191 1817 -νος
227 1741 356 1826 signum
390 1743 423 1804 et
454 1741 489 1805 in
519 1740 611 1804 infer.

131 1868 234 1931 marg.
254 1847 314 1911 sub
334 1847 403 1912 eod.
418 1845 513 1932 signo
532 1847 613 1913 haee

131 1954 266 2038 praebet
279 1953 325 2020 H:
347 1950 450 2038 γάνος
468 1953 532 2020 ἀπὸ
551 1963 612 2019 τοῦ

130 2051 172 2124 τά
184 2071 263 2143 γυῖα
280 2063 400 2126 ίαίνειν
414 2060 555 2146 λέγεται·
574 2063 611 2128 τὸ

130 2167 217 2252 μέλι,
230 2169 268 2232 τὸ
282 2168 387 2254 ὕδωρ,
403 2169 440 2233 τὸ
459 2168 554 2251 γάλα.
567 2205 611 2216 -

129 2275 195 2340 487
211 2273 230 2316 *
245 2275 348 2357 δίψει]
363 2285 409 2363 τῷ
420 2275 461 2341 V.
474 2311 518 2336 -v
532 2279 611 2361 βλα-

129 2383 288 2466 πτόμενοι
307 2381 348 2446 V.
374 2419 411 2430 -
438 2384 533 2449 ἄλλοι
555 2407 611 2449 πε-

130 2485 241 2572 ρισσοὶ
256 2487 295 2553 V.
315 2526 353 2536 -
375 2490 411 2554 οί
425 2489 532 2574 ἕτεροι
550 2501 611 2558 τοῦ

129 2603 235 2659 ποτοῦ
266 2592 371 2679 μηδὲν
399 2595 609 2682 ἐπαγόμενοι,

129 2701 215 2764 infra
238 2703 323 2786 quod
351 2701 463 2770 ἕπεται
489 2703 545 2769 καὶ
572 2709 609 2772 τὸ

129 2806 330 2890 ἀσθμαίνειν
357 2820 427 2886 τοῖς
450 2809 610 2897 ἐπαγομέ-

128 2937 202 2991 νοις
220 2938 252 2980 τι
267 2916 306 2980 Η.
329 2955 366 2966 -
388 2915 559 3002 ἀναπνοῆς
570 2920 608 2986 V.

131 3059 169 3068 -
196 3021 260 3088 488
292 3021 452 3108 Φωκέων]
479 3035 546 3090 τῶν
569 3027 609 3092 V.

128 3165 171 3174 -
196 3129 261 3194 489
286 3129 370 3195 ὅπου
384 3129 462 3195 VH.
482 3169 523 3178 —
542 3134 609 3200 490
662 3135 729 3202 490
752 3137 770 3203 ὁ
792 3140 973 3221 Σπερχειὸς
996 3138 1029 3218 ἐξ
1047 3142 1143 3206 Αίνι-

127 3236 355 3320 ποταμὸςΧῙΗ.
369 3239 607 3306 -λιπαίνειά,
663 3242 755 3308 ἀναν
785 3241 963 3330 (Ἀνιάνων
988 3269 1033 3332 m,
1063 3269 1143 3314 corr.

127 3341 262 3426 ἀρδεύει
277 3341 317 3407 H.
336 3347 461 3410 πιαίνει
475 3345 608 3431 ἀρδεύει
662 3346 738 3438 Dd.)
762 3349 849 3435 ῥέων
870 3353 917 3428 είς
935 3353 993 3418 τὸν
1011 3356 1143 3438 Μηλια-

127 3449 164 3513 L.
187 3452 312 3528 πιαίνει
337 3449 404 3516 BG.
432 3489 469 3500 -
494 3453 607 3544 ἡσύχῳ
662 3455 900 3542 κονέμβάίλει
922 3462 1057 3525 κόλπον.
1079 3497 1117 3506 -

125 3553 203 3622 VH.
227 3593 272 3602 -
294 3556 391 3622 ὕδατι
415 3556 488 3624 VG.
516 3597 553 3606 —
