2628 3892
562 210 773 262 PRAEFATIO.
1107 212 1176 262 XIII

154 392 212 437 cus
237 370 289 454 sit,
314 369 440 436 scholia
464 370 504 434 ad
528 370 702 435 nonnullos
720 370 895 436 Persarum
916 393 1028 437 versus
1048 372 1175 438 desunt.

155 476 194 542 In
218 477 404 543 universum
432 477 513 543 haec
542 477 668 543 scholia
695 478 878 542 consentire
903 499 976 542 cum
1000 477 1061 562 eis,
1090 499 1174 562 quae

156 585 192 649 in
222 584 291 650 cod.
320 583 521 649 Fernesieno
556 606 638 648 saec.
662 583 740 647 XlV
775 607 794 648 a
821 585 989 650 Demetrio
1018 584 1173 651 Triclinio

155 691 278 775 scripto
298 713 371 757 oum
390 691 535 775 praefixa
547 712 626 756 voce
640 690 783 755 παλαιὸν
802 691 965 777 leguntur,
989 691 1072 758 Guil.
1087 691 1173 758 Seel-

156 820 297 862 mannus
320 798 355 862 in
378 797 455 865 diss.
478 799 517 863 de
544 797 780 883 propagatione
805 797 1005 863 scholiorum
1029 798 1173 884 Aeschy-

155 905 281 970 leorum
309 927 341 988 p.
359 905 403 970 24
412 927 458 990 sq.
487 904 604 970 docuit.
649 903 741 968 Idem
770 905 1008 970 demonstravit
1037 906 1173 972 scholia·

156 1015 256 1097 stam,
289 1012 340 1076 cui
372 1011 454 1076 haec
487 1011 612 1077 scholia
643 1011 816 1076 tribuenda
849 1015 938 1094 sunt,
975 1034 1070 1077 usum
1103 1033 1175 1077 esse

156 1118 348 1204 apographo
372 1107 491 1183 codicis
510 1117 545 1182 M
569 1122 603 1182 et
625 1117 720 1202 libro,
743 1140 807 1204 quo
832 1118 957 1183 scholis
977 1119 1006 1182 A
1030 1119 1172 1184 contine·

22 1261 25 1266 s
155 1225 286 1292 bantur.
331 1225 368 1289 Iu
393 1227 453 1290 hac
476 1225 654 1309 posteriore
679 1226 841 1290 sententia
860 1225 1032 1290 statuenda
1051 1226 1174 1311 glosse-

156 1337 246 1397 mata
269 1331 424 1418 neglexit.
471 1330 597 1396 Sedes
625 1333 698 1416 ipsa
724 1332 815 1396 illam
839 1332 1041 1398 confirmant.
1088 1330 1172 1397 Nam

156 1440 334 1524 permulta,
369 1461 450 1524 quae
478 1439 512 1502 in
540 1438 704 1504 codicibus
734 1439 932 1503 scholiorum
955 1439 986 1503 A
1012 1441 1174 1525 leguntur,

155 1547 190 1610 in
224 1546 387 1612 codicibus
420 1545 619 1611 scholiorum
648 1544 694 1629 B,
726 1546 816 1610 velut
842 1543 952 1629 BGL,
984 1546 1173 1631 reperimus.

29 1723 31 1727 ,
155 1653 370 1718 Transierunt
392 1652 495 1738 igitur
516 1673 534 1716 e
558 1653 642 1716 libro
667 1652 815 1717 adhibito
838 1652 872 1717 in
896 1653 1060 1738 exemplar
1083 1651 1175 1717 scho-

17 1805 29 1816 ··
156 1759 316 1824 liastaeB
336 1763 369 1824 et
393 1759 583 1845 apographa
602 1759 681 1825 eius.
717 1757 811 1835 Quod
831 1763 940 1824 eutem
960 1763 1068 1824 textus
1087 1760 1173 1825 codi-

155 1889 229 1932 cum
254 1865 313 1931 GL
337 1887 438 1952 prope
462 1865 586 1932 accedit
609 1865 649 1930 ad
672 1865 714 1952 H,
738 1866 794 1952 qui
817 1866 941 1932 scholis
964 1867 995 1930 A
1019 1866 1175 1951 continet,

156 1974 224 2038 veri
248 1972 354 2038 simile
378 1973 506 2038 videtur
533 1973 652 2038 librum
682 1997 701 2038 o
730 1974 909 2038 scholiasta
932 1972 959 2036 B
989 1973 1173 2038 adhibitum

155 2104 197 2145 ex
221 2105 259 2146 ea
287 2079 433 2146 codicum
461 2079 589 2144 familis
616 2079 731 2164 fuisse,
759 2102 776 2144 e
804 2103 868 2166 qua
895 2080 1038 2145 codicem
1061 2079 1094 2142 H
1117 2076 1173 2166 (cf.

156 2191 296 2252 stemma
331 2187 419 2250 infra
455 2184 623 2273 positum).
678 2185 773 2253 Certe
811 2207 987 2250 consensus
1026 2185 1172 2250 codicum

156 2292 255 2358 BGL
279 2315 351 2358 cum
375 2291 446 2358 VH
468 2296 693 2378 repraesentet
717 2294 915 2378 glossemata
938 2293 1064 2378 antiqui
1088 2293 1173 2378 libri,

156 2401 214 2485 qui
241 2400 366 2466 scholia
393 2398 424 2464 A
453 2400 608 2467 exhibuit.
657 2401 703 2465 At
734 2424 812 2466 num
845 2404 931 2466 recte
959 2398 1171 2466 Seelmannus

27 2518 30 2526 ⁴
155 2508 177 2571 l.
196 2508 216 2571 l.
236 2505 387 2572 statuerit
411 2507 619 2572 scholiastam
639 2507 667 2572 B
691 2508 904 2593 apographon
923 2508 1059 2574 Medicei
1083 2509 1172 2573 adhi-

156 2613 276 2698 buisse,
304 2614 437 2678 dubium
461 2617 521 2679 est.
565 2613 638 2680 Hoc
662 2616 749 2688 enim
773 2613 984 2680 Seelmannus
1012 2616 1087 2680 inde
1112 2617 1174 2682 col-

17 2713 21 2734 ¹
156 2720 248 2806 legit,
271 2721 355 2806 quod
379 2721 413 2785 in
437 2719 570 2786 scholiis
595 2721 621 2785 B
646 2722 771 2787 scholis
794 2721 829 2786 M
852 2723 1066 2801 inveniuntur,
1091 2744 1173 2807 quae

155 2827 191 2891 in
215 2827 347 2892 scholiis
367 2829 395 2892 A
420 2849 486 2892 non
510 2832 630 2893 extent.
669 2826 732 2893 sed
756 2829 825 2914 ipse
845 2829 925 2893 dixit
947 2826 993 2916 (p.
1009 2829 1067 2916 25)
1088 2829 1173 2894 codi-

157 2956 227 2998 cem
251 2933 447 2999 scholiorum
472 2935 515 3019 A,
547 2957 610 3019 quo
635 2935 814 3000 scholiasta
839 2935 865 2999 B
895 2957 972 3000 usus
1001 2939 1065 3022 est,
1088 2937 1171 3002 inte-

156 3041 299 3125 griorem
330 3040 433 3106 fuisse
465 3063 562 3126 quam
596 3041 697 3108 libros
731 3063 816 3107 nunc
848 3045 953 3108 notos.
998 3041 1114 3131 Itaque
1144 3045 1172 3109 si

156 3147 444 3212 demonstraverim
474 3148 598 3214 scholia
621 3147 653 3212 A
682 3149 722 3213 ab
751 3148 863 3214 eodem
891 3149 1066 3236 archetypo
1084 3173 1173 3240 pen·

156 3254 231 3318 dere
256 3259 354 3339 atque
378 3254 501 3320 scholia
523 3254 569 3320 M:
594 3255 707 3339 quidni
731 3255 790 3320 illa
813 3256 945 3341 scholia,
969 3279 1051 3342 quae
1075 3279 1114 3322 ex
1137 3257 1172 3321 M

157 3360 260 3444 petitu
284 3383 353 3426 esse
373 3360 582 3426 Seelmannus
607 3361 813 3445 existimavit,
837 3385 876 3427 ex
896 3363 1074 3451 archetypo
1097 3387 1172 3450 pro-

157 3467 242 3532 fecta
266 3469 356 3532 etin
381 3469 557 3553 exemplari
581 3469 666 3554 quod
690 3468 913 3534 scholiastaB
938 3470 1088 3536 adhibuit
1107 3493 1173 3534 ser-

18 3587 20 3594 '
156 3578 234 3640 vata
265 3576 438 3660 putemus?
489 3574 669 3659 Propterea
700 3576 734 3639 in
767 3575 941 3642 editionem
975 3575 1172 3642 scholiorum
