2632 3878
525 178 565 228 IN
583 179 615 230 V.
634 181 784 232 226-228.
1119 176 1160 240 79

147 347 218 422 φῶς
228 336 268 402 V.
287 336 321 414 ἐς
333 339 372 403 τὸ
386 337 483 402 Η.-
504 339 569 403 226
588 339 628 402 τά
682 339 747 404 226
783 340 824 404 τὰ
865 335 902 404 δὲ
942 340 1027 404 κοινὰ
1067 363 1163 404 κοιτα-

145 445 230 509 ιιοικὰ
262 442 300 510 δὲ
332 441 387 510 κοιλ
421 444 462 508 τά
494 444 628 509 ἐναντία
682 443 845 529 σχεθέντο
860 443 957 529 (κατὰ
973 446 1013 510 τά
1027 444 1162 530 σχεθέν-
1288 461 1291 468 ’

145 555 274 617 τούτων
301 562 369 617 τῶν
397 550 536 634 ἀγαθῶν
561 549 628 616 ὑπὸ
681 575 722 617 τοι
745 575 791 628 m,
819 573 900 618 corr.
920 551 1074 639 Weilius)
1097 551 1162 617 ῦτιὸ

145 667 203 742 τῆς
221 667 281 742 γῆς
298 657 374 744 (τὴν
392 666 456 741 γῆν
469 653 516 744 V)
530 680 628 722 κατοι-
681 667 739 742 τῆς
765 666 826 742 γῆς
859 658 1090 744 ἀφανισθῆναι
1117 667 1163 747 τῷ

146 763 311 849 σχεθέντα
324 765 365 830 V.
382 801 421 812 -
440 766 480 828 τὰ
495 763 628 829 ἐναντία
683 769 799 851 σκότῳ.
826 803 862 814 -

144 871 280 937 HBGL
313 869 367 956 (τὰ
399 893 462 938 om.
495 871 553 957 H).
584 908 629 917 -

144 989 212 1044 τῶν
253 978 393 1061 άγοιῦῶν
433 977 545 1042 HGL.
588 1014 626 1025 -

145 1088 348 1170 κατεχόμενα
364 1082 464 1150 HGL
483 1081 539 1170 (τὰ
558 1082 628 1148 add.
720 1135 721 1138 ,

145 1189 194 1279 L).
233 1229 275 1238 —-
324 1190 557 1276 ἀφανισθῆναι
588 1187 628 1253 V.

145 1298 371 1382 ἀφανίζεσθαι
389 1295 530 1361 HBGL.
558 1331 594 1342 -

145 1407 209 1471 227
234 1405 297 1470 άιιὸ
319 1409 483 1488 λογισμοῦ
501 1399 557 1467 καὶ
575 1401 627 1467 ἐν·
682 1406 745 1472 227
760 1406 983 1490 θυμόμαντιςε
1003 1405 1044 1470 οὐ
1061 1406 1162 1490 φύσει

144 1515 323 1597 θυμάσειος
346 1510 385 1576 V.
421 1505 479 1593 ἀφ’
507 1507 627 1574 ἑαυτοῦ
680 1513 808 1598 μάντις,
830 1508 901 1578 ἀλλ’
921 1511 984 1578 άπὸ
999 1516 1161 1596 λογισμοῦ

143 1619 363 1702 λογισάμενος
385 1617 426 1682 Η.
461 1615 503 1680 οὐ
526 1616 627 1699 φύσει
680 1622 806 1705 κρίνων
832 1617 888 1685 καὶ
917 1618 996 1701 [ῦτιὸ
1020 1619 1091 1684 add.
1113 1620 1160 1700 m]

145 1726 293 1811 (φύσεως
319 1721 403 1810 cod.)
427 1723 544 1808 μάντις
568 1723 625 1804 ῦν,
681 1725 906 1812 ἐνθυμήσεως.
931 1763 970 1774 -

144 1827 217 1899 ἀλλ’
244 1832 343 1918 (ἀλλὰ
370 1828 453 1914 cod.)
482 1829 546 1894 άττὸ
574 1834 626 1894 λο-
656 1831 660 1841 “

144 1949 268 2024 γισμοῦ
281 1941 387 2022 μόνον
405 1933 461 2001 καὶ
480 1935 627 2020 ἐνθυμή-

144 2063 228 2122 σεως
250 2049 376 2130 κρίνων
394 2043 430 2108 L.
459 2044 566 2126 ἤγουν
585 2042 626 2107 οὐ

142 2152 241 2238 τέχνῃ
257 2153 373 2237 μάντις
390 2151 448 2231 ὥν,
470 2145 543 2214 ἀλλ’
562 2147 626 2214 άπὸ

143 2264 308 2342 λογισμοῦ
354 2259 459 2342 μόνον
505 2255 628 2342 (μόνον

144 2365 230 2450 cod.)
250 2363 306 2430 κοιλ
325 2363 541 2446 ἐνθυμήσεως
557 2366 626 2448 τιμί-

142 2495 214 2537 νων
249 2469 395 2555 marg.G.
440 2472 547 2553 ἤγουν
586 2469 627 2535 οὐ

142 2577 240 2665 τέχνχ
282 2578 398 2663 μάντις
440 2576 526 2661 gLG.
586 2576 627 2642 οὐ

140 2684 240 2771 τέχνῃ
266 2685 393 2770 μάντις,
417 2680 490 2748 ἀλλ’
513 2681 549 2748 ἐκ
572 2687 627 2748 λο-

141 2801 268 2877 γισμοῦ
291 2793 417 2877 κρίνων
431 2789 467 2854 Β.
482 2825 525 2838 —-
547 2807 626 2855 συν-

141 2901 329 2983 εβούλευσα
344 2897 382 2962 V.
401 2933 439 2944 -
460 2899 525 2963 228
544 2918 627 2961 τιον-

140 3009 238 3090 τοιχῖγ]
274 3013 315 3070 οῦ
345 3026 442 3090 super
469 3012 489 3086 ἦ
517 3002 558 3068 Η.
584 3040 626 3050 -

140 3111 216 3197 περὶ
246 3112 375 3178 τούτων
397 3109 437 3174 V.
463 3146 502 3160 -
538 3108 626 3176 ἐλπί-

141 3222 240 3303 ζομεν
263 3218 303 3284 V.
330 3256 368 3265 —
