2632 3878
534 199 574 252 IN
592 200 624 252 V.
645 202 794 252 134-142.
1125 195 1169 262 53

156 359 220 424 135
230 358 291 442 την
305 356 433 443 ἐξοχην,
442 381 538 444 super
549 359 634 443 quod
690 360 755 425 134
776 356 872 447 (135)
895 360 954 424 τὸν
968 354 1170 444 Ἑλλησπον-

152 466 213 531 τὸν
227 461 472 549 Ἑλλήσποντον
491 464 580 549 λε’γει
594 465 634 530 V.
687 482 760 530 τον·
785 466 820 530 ολ
837 464 883 548 δέ,
906 466 957 533 ὅτι
980 470 1113 552 Ταῦρον
1131 469 1168 532 τὸ

153 572 213 636 τὸν
235 568 481 655 Ἑλλήσποντον
504 572 546 638 Η.
588 570 634 650 ἐξ·
689 574 776 657 ὄρος.
799 611 844 620 -
871 574 935 638 135
958 584 1087 659 πρῶνας
1110 575 1170 639 τὸν

154 679 237 762 ογὴν
273 678 376 744 BGL.
430 681 538 763 ἤγουν
574 680 634 744 τὸν
688 681 898 764 προνεύοντα
921 681 967 756 εἰς
990 681 1090 766 ἄμφω
1110 681 1168 758 τὰς

155 788 406 870 Ελλησποντον.
451 795 567 870 πρῶνα
598 781 635 850 δὲ
688 785 845 872 ἠπείρους
858 785 878 871 ἢ
892 788 952 852 τὸν
966 789 1082 853 κοινὸν
1097 785 1169 852 ἕκα-

153 889 242 974 λέγει
261 894 334 976 ἤτοι
353 894 413 958 τὸν
426 891 635 978 προνεύοντα
688 891 785 978 τέρας
795 902 863 977 γῆς.
873 892 995 978 μεταξὺ
1004 891 1067 980 γάρ
1079 893 1169 960 ἐστιν

154 999 201 1074 εἰς
237 999 336 1083 ἄμφω
373 1000 431 1076 τὰς
468 986 561 1084 (τοὺς
592 995 633 1081 L)
689 999 855 1085 Εὐρώπης
873 999 928 1066 καὶ
944 995 1062 1078 Ἀσίας.
1085 1039 1122 1048 -

153 1104 562 1191 ἠπείρονςΙιΠιπτς.(1.-
576 1103 636 1190 αλμ-
771 1183 772 1186 ¹

149 1215 241 1296 ’φοτ.]
264 1209 375 1290 Ἀσίας
397 1212 453 1278 καὶ
471 1212 636 1295 Εὐρώπης

153 1317 190 1384 Β.
213 1326 272 1402 τῆς
290 1317 402 1397 Ἀσίας
419 1316 475 1385 καὶ
493 1327 551 1404 τῆς
569 1319 636 1384 Εὐ-

154 1424 267 1509 ρώπης
281 1425 350 1490 GL.
367 1463 433 1486 —.

155 1532 219 1596 136
239 1532 276 1596 αλ
294 1531 541 1598 κολταιΗΒθιΙι
554 1528 635 1618 (τῶν
690 1533 754 1599 136
773 1541 813 1618 τῇ
833 1531 977 1620 ἀπουσία
996 1532 1106 1598 αὐτῶν
1125 1569 1169 1579 -

152 1648 323 1720 γυναικῶν
342 1640 412 1704 add.
424 1636 480 1725 V).
496 1675 537 1684 -
555 1638 635 1703 ἀπο-

153 1746 256 1832 δημίηι
271 1745 312 1810 Η.
334 1781 370 1791 -
400 1747 462 1810 137
486 1749 635 1830 γεμίζον-
733 1757 736 1764 ’

152 1873 206 1914 ται
239 1851 394 1937 δακρύων
417 1837 462 1916 V.
509 1852 545 1916 ἐν
578 1852 635 1917 δολ-
691 1853 753 1918 138
779 1852 942 1936 ἐπιμόνως
968 1858 1167 1935 πενθοῦσαι,

151 1975 251 2041 κρνσι
280 1968 348 2022 τῶν
376 1970 546 2041 γυναικῶν
568 1958 634 2024 GL.
689 1958 733 2035 ὡς
756 1959 869 2024 δοκεῖν
887 1957 1094 2044 ἁβρύνεσῶαι
1114 1957 1168 2023 ἐπὶ

152 2073 219 2128 τῶν
247 2073 417 2147 γυναικῶν
440 2065 477 2130 Β.
501 2103 543 2112 -—
571 2066 632 2130 138
687 2072 733 2153 τῷ
761 2061 813 2152 (τὸ
842 2088 888 2149 m,
916 2087 996 2130 corr.
1019 2063 1168 2148 Kirehh.)

151 2174 375 2248 πολνπενθεϊς
394 2171 471 2236 VH.
493 2208 531 2218 -
687 2177 836 2236 πενθεῖν.
861 2208 903 2218 -

153 2596 217 2660 139
243 2593 375 2679 ἕκαστα]
399 2621 420 2680 η
444 2619 540 2682 super
559 2622 579 2662 α
593 2598 633 2664 V.
689 2597 752 2664 139
767 2598 848 2682 μετὰ
861 2598 1167 2683 φιλάνοροςπόθου

155 2739 193 2748 -
237 2701 397 2784 ἀγαπῶσα
442 2704 502 2768 τὸν
544 2706 632 2770 λ’ὃιον
686 2700 768 2792 (gl.)
795 2743 832 2755 -

151 2809 260 2889 ἅνδρα
269 2807 310 2873 V.
338 2810 397 2874 τὸν
417 2811 506 2875 λ’ὃιον
525 2811 632 2895 ἄνδρα

152 2913 321 2998 ἀγαπῶντι
339 2915 380 2980 Η.
405 2953 446 2962 -
476 2918 539 2982 140
563 2919 632 3000 αἰχ-

151 3022 288 3104 μηεντα]
316 3023 389 3106 ἤτοι
417 3024 465 3098 εἰς
491 3024 551 3088 τὸν
573 3027 631 3088 πό-

151 3131 254 3210 λεμον
277 3127 318 3192 Η.
341 3166 379 3176 -
399 3133 549 3214 1θοῦρον]
574 3151 631 3194 πο-

151 3236 297 3318 λεμικόν,
313 3235 494 3322 ὁρμητικὸν
507 3236 548 3302 V.
573 3239 632 3303 τὸν

151 3342 330 3424 πολεμικὸν
345 3342 416 3408 BG.
428 3379 463 3390 —
478 3344 585 3427 ἄνδρα
591 3343 630 3409 V.

150 3482 194 3492 -
220 3448 282 3511 141
313 3451 468 3514 στείλασα
487 3448 563 3514 VH.
590 3487 627 3496 -

152 3554 216 3618 142
250 3550 368 3619 ἕκαστα
400 3552 564 3620 λέλειπται
587 3555 628 3619 Η.
688 3555 751 3619 142
779 3554 860 3618 ἄνευ
883 3561 943 3617 τοῦ
967 3552 1098 3637 ἀνδρός.
1125 3587 1162 3596 -
