2652 3866
12 3563 22 3622 5.

500 199 503 208 .
536 135 575 187 IN
594 135 626 189 v,
645 135 796 188 οει-οεε.
1107 130 1174 196 241

158 297 220 361 881
237 296 366 378 *ἤγουν
381 294 399 360 ὁ
414 297 589 379 Βόσπορος
598 295 638 360 V.
694 297 756 362 881
783 294 801 360 ὁ
824 298 1007 380 Βόσπορος.
1028 333 1067 342 -

158 439 199 449 -
215 405 327 485 νῆσοι]
341 403 467 486 ἤκουον
482 403 639 486 δηλονότι

159 617 224 682 882
238 615 345 681 *κατὰ
363 617 422 681 τὸν
436 613 639 700 Ἑλλήσπον-
694 617 759 682 882
788 617 825 680 αι’
849 616 932 681 κατὰ
958 615 1018 681 τὸν
1041 613 1177 698 Ἑλλήσ-

158 746 218 788 τον
242 723 283 789 V.
310 759 346 769 -
379 723 444 789 884
476 721 531 787 καί
558 723 640 787 ὑπο·
692 744 828 788 πονιον.
845 759 884 768 -
906 723 972 788 884
990 721 1177 787 ὑποτασσό-

158 832 360 914 τασοόμεναι
386 829 426 894 V.
461 867 499 876 -
538 845 640 914 προσ·
694 852 798 913 μεναι.
821 866 859 875 -

159 940 348 1022 καθήμεναι
372 937 430 1002 BL
454 934 640 1024 (προκαθή-

158 1067 256 1128 μεναι
275 1043 311 1123 L,
334 1042 504 1127 ἡνωμέναι
523 1040 575 1129 G).
600 1080 638 1089 —

160 1524 225 1589 885
251 1517 349 1587 αὗται
377 1522 414 1588 έν
440 1530 486 1609 τῷ
510 1523 639 1608 Αἰγαίῳ
696 1523 761 1588 885
787 1517 884 1587 αὗται
912 1521 949 1587 έν
976 1529 1022 1609 τῷ
1046 1523 1177 1610 Αἰγαίῳ

160 1629 295 1712 πελάγει
323 1630 394 1694 εἰσί.
441 1627 641 1714 μεταβέβηκε
695 1629 829 1713 πελάγει
853 1631 947 1694 εἰσίν.
969 1666 1006 1675 -
1029 1629 1080 1694 ὅτι
1099 1627 1133 1716 (i.
1149 1652 1177 1694 e.

161 1738 354 1819 (μετεβληκε
366 1737 411 1800 sic
421 1735 462 1818 L)
481 1737 557 1819 γάρ,
572 1732 641 1799 ἐπεὶ
696 1739 878 1820 σημείωσαι
905 1735 970 1820 ὅτι)
996 1735 1175 1820 μεταβέβη-

160 1839 642 1930 ἥτε(μτοῆτεικαὶ[ι)Αέσβος
696 1867 754 1907 κεν
782 1844 829 1918 εἰς
850 1844 888 1907 τὸ
912 1847 1056 1925 Αίγαιον
1079 1841 1179 1908 πέλα-

162 1947 217 2014 καί
237 1951 353 2034 Σάμος
377 1949 414 2015 έν
436 1956 481 2037 τῷ
500 1950 641 2036 τοιούτῳ
696 1969 769 2033 γος·
791 1949 812 2033 ἡ
835 1950 899 2033 γάρ
918 1949 1048 2033 Λέσβος
1071 1948 1108 2014 έν
1130 1957 1177 2036 τςό

161 2057 296 2139 πελάγει
325 2064 370 2144 τῷ
398 2058 528 2143 Αἰγαίῳ
556 2058 642 2120 εἰσίν
696 2057 826 2144 Αἰγαίῳ
850 2057 983 2140 πελάγει
1012 2054 1110 2120 ἐστίν.
1134 2092 1178 2102 -

161 2162 214 2250 (ἐν
239 2187 265 2230 τ.
289 2187 350 2229 τοι.
374 2161 460 2229 εἰσὶν
488 2164 563 2246 Αίγ.
587 2185 643 2227 πε-

161 2269 255 2354 λάγει
269 2267 312 2356 G)
328 2269 398 2335 GL.
420 2307 457 2318 —
479 2269 641 2353 *Αέσβος]

160 2375 206 2460 *ἡ
221 2377 261 2442 V.
277 2414 320 2423 —
335 2378 400 2443 886
420 2377 547 2461 Σάμος]
563 2375 643 2441 *καί

161 2483 232 2564 r‘1V.
252 2521 287 2530 -
306 2485 369 2550 887
386 2487 480 2565 Χίος]
495 2481 589 2567 *ἡί
602 2521 640 2530 -

160 2587 235 2672 ἠδὲ]
265 2587 344 2655 *καί
364 2589 404 2655 V.
428 2627 470 2636 -
499 2591 643 2676 *ἔμπρο-

162 2703 248 2761 σθεν
263 2719 360 2782 super
378 2697 494 2783 quodvj
509 2697 642 2781 κειμένη

163 2804 320 2886 δηλονότι
330 2803 370 2870 V.
382 2841 422 2852 -
439 2805 503 2870 888
517 2803 642 2886 Νάξος]

161 2917 263 2990 νῆσος
288 2908 328 2974 V.
373 2948 410 2958 -
459 2912 642 2993 Μίκωνος]

161 3014 246 3078 *τοῦ
265 3014 304 3078 V.
327 3053 365 3061 —

215 3609 300 3650 Senon.
316 3616 341 3648 m
356 3607 445 3650 Asson.
459 3610 527 3649 Pus.
542 3612 577 3652 ed.
592 3611 771 3654 Dfihnhtrdt.
993 3605 1027 3654 16
