2628 3892
560 219 772 275 PRAEFATIO.
1137 228 1177 278 IX

47 408 49 414 ·
159 375 409 462 distinguuntur
431 400 555 463 manus,
579 401 716 464 quarum
741 382 845 448 altera
867 386 1050 452 atramento
1071 385 1179 452 nitido

11 549 26 572 ·,
158 505 221 547 usa
249 487 307 550 est.
353 483 460 550 Huius
490 487 732 552 emendationes
760 488 950 574 plerumque
974 492 1014 557 ad
1038 492 1175 558 formam

156 589 340 656 litterarum
365 596 523 676 spectant.
568 593 596 658 Ε
621 594 746 660 scholio
770 615 872 680 marg.
896 601 1058 664 eorreotor
1080 600 1178 684 petiit

158 699 271 784 δεινᾷ,
295 699 382 783 quod
405 721 434 764 v.
453 698 558 788 579*)
583 698 628 787 (p.
647 702 736 786 230⁶,
759 725 787 767 v.
806 699 879 787 ult.)
902 726 962 787 pro
987 705 1081 770 δεινὰ
1100 707 1176 770 sub-

158 805 274 870 stituit.
320 804 369 870 De
393 829 453 873 suo
481 808 667 874 emendavit
692 831 721 875 v.
739 810 805 877 653
830 807 876 897 (p.
895 811 985 895 232⁸,
1006 812 1061 893 10)
1085 811 1177 876 ἀνίοι

156 908 301 999 (videtur
328 913 415 979 idem
443 913 544 980 fuisse
573 917 658 999 quod
687 917 721 981 in
749 917 816 983 soh.
840 940 942 1005 marg.
966 917 1076 1003 ἀνίει).
1123 919 1176 982 Ab

157 1020 271 1084 eodem
303 1021 338 1086 in
370 1043 472 1108 marg.
500 1046 530 1108 p.
555 1021 637 1089 214¹>
668 1022 762 1100 τέλος
795 1024 870 1110 quid
904 1024 1110 1111 signifio<et>
1143 1029 1178 1090 et

156 1150 187 1212 p.
206 1125 289 1193 240¹2
317 1129 352 1193 in
380 1151 482 1215 marg.
506 1130 658 1195 inferiore
684 1134 876 1216 πεμπαστής
899 1133 1091 1198 adnotatum
1115 1137 1178 1198 est.

157 1235 306 1320 Respicit
329 1236 392 1301 hoo
414 1236 456 1302 ad
479 1236 545 1304 soh.
564 1240 593 1302 A
618 1262 647 1305 v.
665 1239 741 1323 984,
763 1238 844 1304 illud
868 1239 909 1304 ad
933 1240 998 1307 soh.
1018 1241 1071 1306 48.

246 1343 330 1408 Item
348 1344 383 1407 in
407 1345 613 1429 glossematis
637 1346 740 1410 altera
763 1367 878 1411 manus
897 1347 1049 1413 cernitur.
1086 1347 1178 1424 Quae

156 1451 231 1516 inde
251 1475 270 1517 a
289 1475 319 1536 p.
339 1448 430 1536 narb,
453 1453 509 1518 lin.
532 1455 571 1517 12
595 1449 639 1541 (v.
657 1449 740 1540 487)
759 1453 858 1518 rubro
878 1454 985 1518 colore
1003 1452 1107 1518 nitido
1127 1453 1177 1517 in-

158 1559 309 1644 signique
333 1560 466 1645 pingere
495 1561 611 1645 coepit.
656 1561 765 1645 Atque
789 1559 836 1625 sio
858 1581 911 1624 res
935 1559 1107 1643 sehabet,
1133 1563 1171 1623 ut

156 1689 222 1752 quo
253 1668 388 1750 propius
420 1665 461 1732 ad
490 1667 588 1732 finem
616 1667 693 1732 libri
724 1667 917 1752 assedimus,
948 1689 986 1733 eo
1011 1667 1181 1753 pauciora,

155 1775 239 1838 fiant
262 1775 463 1860 glossemata
489 1775 608 1858 prioris
637 1796 766 1858 manus,
796 1796 833 1839 eo
861 1775 956 1857 plura
978 1776 1177 1860 glossemata

157 1881 301 1946 alterius.
337 1880 452 1967 Itaque
472 1882 562 1965 prior
578 1881 731 1946 librarius
751 1904 806 1948 seu
827 1881 899 1946 aliis
919 1882 1024 1946 nausis
1044 1885 1179 1948 eosotus

157 2011 215 2053 seu
242 1988 351 2054 taedio
381 1993 495 2073 eaptus
524 1989 598 2055 inde
625 2012 645 2054 a
671 1989 777 2054 media
805 1990 873 2054 fere
902 1993 995 2074 parte
1023 2011 1176 2074 propera-

157 2096 244 2160 visse
267 2117 372 2180 neque
394 2097 442 2160 ita
465 2099 615 2160 accurate
644 2095 768 2160 soholia
792 2095 1014 2160 interlinearis
1036 2095 1178 2179 descrip-

160 2203 241 2268 sisse
271 2203 408 2269 videtur.
453 2201 536 2268 Tum
570 2203 653 2267 alter
684 2202 836 2268 librarius
864 2203 997 2267 lacunas
1026 2200 1180 2286 explevit,

159 2309 278 2375 misere
297 2310 437 2395 quidem,
456 2311 489 2376 id
508 2309 594 2396 quod
613 2310 699 2375 infra
713 2309 939 2375 illustrabitur.
977 2307 1180 2392 Subseripsit

157 2418 399 2497 alteratmanus
422 2418 516 2483 haee:

239 2559 266 2610 ÷
284 2539 375 2627 τέρμ’
403 2536 463 2606 ὧδ’
490 2544 593 2609 ἔδωκε
617 2545 728 2627 δρᾶμα
751 2548 894 2626 Περσῶν
918 2541 1091 2625 Αἰσχύλου

158 2672 192 2732 et
215 2666 301 2732 infra
324 2689 374 2732 ea:

248 2807 275 2858 4-
293 2790 387 2868 sitos
411 2787 508 2877 εὗρεν
531 2793 551 2876 ἡ
575 2796 691 2876 βίβλος
713 2801 774 2858 τοῦ
796 2793 969 2877 Αἰσχύλου
993 2792 1029 2854 ἔν
1052 2812 1086 2852 τε

249 2950 329 3036 μηνὶ
353 2954 398 3039 τῷ
421 2955 523 3041 Malos
548 2949 636 3017 ἔν’
607 2977 626 3017 τ
664 2955 728 3017 ἔτει
752 2969 771 3020 ς
794 2919 834 3032 (ᾖ)
856 2976 898 3018 κα
921 2949 997 3034 ἕκτῃ
1020 2972 1055 3012 τε

249 3078 263 3140 ἰ
340 3102 356 3140 τ

226 3078 395 3269 hm?-
407 3185 492 3250 1413
511 3185 594 3250 liber
613 3146 779 3249 confectus
799 3188 849 3248 est
868 3179 899 3270 (e
835 3182 921 3248 tf.
937 3179 1176 3248 Gardthauseni

159 3292 326 3377 palaeogr.
353 3287 494 3379 aaron.
537 3290 702 3356 Incertum
729 3311 820 3370 vero,
850 3288 978 3374 quando
1007 3290 1115 3352 textus
1144 3291 1180 3350 et

47 3407 50 3413 “
161 3398 285 3463 scholia
308 3397 503 3482 marginalia
527 3404 560 3463 et
581 3397 700 3484 prioris
722 3418 838 3460 manus
862 3395 987 3462 scholia
1010 3393 1176 3459 interline-

227 3591 254 3659 *)
274 3589 412 3644 Numeros
432 3589 530 3645 adfero
550 3588 682 3645 editionis
701 3585 924 3642 Weelrlinianae.

776 3804 911 3870 A
