2632 3878
584 260 795 313 PRAEFATIO.
1133 259 1199 313 XXI

182 419 283 486 fuisse
311 420 453 505 videtur,
487 420 573 505 quod
600 421 633 485 in
658 421 689 485 V
713 421 851 506 legimus
884 419 1079 506 αἐπὴρκεσεν,
1111 423 1196 487 undo

187 527 372 593 coniectura
391 527 514 592 factum
534 532 584 592 est
603 526 804 612 ἀπήρκεσαν,
824 529 909 612 quod
929 529 984 592 alii
1002 531 1199 594 recentiores

183 634 347 699 exhibent.
994 646 998 654 '

248 776 281 824 v.
297 755 367 822 235
387 758 423 822 in
438 757 467 822 V
483 755 605 846 (Perrh
620 758 789 824 Lembeth.
806 759 1003 844 adscriptum
1018 760 1052 824 in
1061 759 1196 848 Par.B):

227 869 305 946 τῆλε
328 863 412 950 πρὸς
435 865 564 949 δυσμὰς
587 865 729 942 ἄνακτος
748 861 866 931 Ἡλίου
888 865 1144 950 φθινασμάτων,

183 971 216 1036 in
240 969 274 1036 H
298 975 347 1035 est
372 972 500 1056 δυσμὰς
523 975 668 1038 correcto
693 995 757 1038 acc.
776 972 981 1038 circumflexo
1006 973 1039 1038 in
1060 975 1199 1054 eentum,

184 1077 219 1142 in
252 1076 288 1142 M
316 1075 360 1163 (G
388 1075 540 1166 aliisque)
571 1079 721 1164 δυσμαῖς.
775 1078 978 1165 Praepositio
1009 1080 1093 1167 πρὸς
1126 1101 1200 1146 cum

12 1148 19 1185 i
135 1201 140 1210 ¹
185 1184 294 1250 dativo
314 1185 490 1251 coniuncto
508 1186 684 1271 significat:
705 1187 790 1270 apud
806 1187 846 1253 ad
866 1187 966 1270 iuxta,
984 1189 1073 1253 velut
1091 1186 1198 1252 Prom·

182 1314 211 1356 v.
227 1292 292 1357 833
302 1314 373 1377 sqq.

722 1349 890 1432 τηλουρὸν
914 1343 952 1411 δὲ
974 1355 1039 1430 γῆν
1093 1381 1096 1389 ·

345 1451 432 1536 ἡξεις
455 1453 611 1518 κελαινὸν
635 1457 746 1538 φῦλον
770 1456 806 1518 οἳ
824 1454 907 1541 πρὸς
930 1452 1028 1536 ἡλίου

343 1561 476 1624 ναίουσι
501 1570 632 1643 πηγαῖς,
658 1563 743 1625 ἔνθα
766 1561 912 1645 ποταμὸς
934 1561 1075 1639 Αἰθίοψ.
1186 1597 1191 1634 =,

184 1717 247 1785 Sed
270 1719 378 1804 notio,
402 1740 483 1804 quae
506 1720 538 1786 h.
557 1721 579 1786 l.
601 1720 784 1806 flagitatur,
807 1718 945 1787 ‘versus’
968 1721 998 1785 ei
1018 1724 1199 1788 structurae

181 1826 278 1911 inest,
292 1849 357 1912 qus
376 1827 580 1892 accusativus
601 1827 783 1893 adhibetur.
815 1828 990 1912 Praecipue
1008 1827 1089 1893 haec
1108 1829 1200 1912 poni-

184 1936 239 1997 tur
263 1932 304 1997 ad
326 1933 435 2016 verbu,
459 1956 540 2018 quae
564 1935 716 2000 movendi
740 1935 882 2019 aliquam
903 1934 1062 1999 rationem
1082 1936 1200 2020 valent,

182 2043 220 2104 ut
242 2037 349 2105 Prom.
369 2062 398 2104 v.
419 2041 483 2106 733

294 2210 429 2284 πρῶτον
452 2195 514 2284 μὲν
538 2193 672 2265 ἐνθένδ’
693 2198 791 2282 ἡλίου
814 2200 897 2284 πρὸς
920 2198 1061 2278 ἀντολὰς

296 2304 465 2392 στρέψασα
489 2306 616 2390 σαυτὴν
641 2303 740 2391 στεῖχ’
762 2305 947 2392 ἀνηρότους
968 2307 1062 2391 γύας,

180 2467 258 2533 ibid.
282 2489 310 2532 v.
335 2468 398 2532 817

238 2595 240 2600 “
293 2610 376 2694 πρὸς
399 2608 541 2685 ἀντολὰς
565 2613 746 2694 φλογῶπας
767 2608 967 2693 ἡλιοστιβεῖς

293 2718 421 2781 πόντου
444 2727 578 2801 περῶσα
602 2718 779 2799 φλοῖσβον,

180 2859 245 2943 Ag.
268 2882 297 2924 v.
323 2860 408 2924 1179

295 3001 444 3086 λαμπρὸς
468 2997 498 3064 d'
522 3002 630 3065 ἔοικεν
653 2999 751 3082 ἡλίου
774 3001 857 3085 πρὸς
880 2998 1022 3075 ἀντολὰς

293 3107 413 3174 πνέων.

251 3233 335 3317 Turn
368 3250 407 3315 de
440 3253 529 3315 stetu
562 3250 699 3316 alicuius
732 3249 784 3314 vel
816 3249 881 3314 situ
907 3249 1053 3316 locorum
1084 3251 1196 3340 eadem

182 3358 380 3426 constructio
405 3357 585 3440 adhibetur,
608 3361 645 3422 ut
667 3355 774 3422 Prom.
793 3379 822 3422 v.
841 3357 906 3421 364
917 3378 962 3440 sq.

464 3515 644 3594 ’Ἄτλαντος
667 3516 704 3593 ὃς
726 3517 809 3602 πρὸς
833 3514 992 3601 ἑσπέρους
1014 3519 1137 3614 τόπους

278 3625 403 3708 ἕστηκε,
