2628 3892
587 185 798 238 Parasino,
978 149 979 156 ¹
1090 191 1095 202 ·
1131 185 1198 238 n111

178 347 289 431 ἤγουν
316 346 473 413 ἐνταῦθα.
524 347 690 432 Imprimis
722 369 798 412 vero
831 368 870 411 ea
902 345 1066 412 mentione
1099 346 1199 432 digna

183 458 261 519 sunt
283 454 439 539 exempla,
462 455 519 519 ubi
541 454 581 519 ad
600 455 800 539 glossemata
819 476 840 517 a
856 453 963 538 priore
983 453 1091 519 scriba
1109 447 1199 538 picta

183 560 268 626 alter
290 561 512 626 additamenta
535 559 696 644 adposuit,
719 560 759 626 cf.
777 560 871 626 haec:

210 681 212 684 ’
249 667 291 752 gl.
310 667 342 732 V
365 668 432 733 660
455 663 482 732 ὦ
505 670 658 749 βασιλεῦ,
686 667 743 732 alt.
767 689 809 731 m.
833 667 905 731 add.
928 667 1036 750 ἤγουν
1059 670 1135 730 ante
1159 661 1197 749 ὦ,

179 769 301 839 notuit
323 778 399 857 post
422 776 570 856 βασιλεῦ.
599 811 632 821 -
660 774 703 860 gl.
724 772 754 838 V
773 773 838 839 599
861 772 882 856 ἡ
905 770 1068 857 Σαλαμὶς,
1091 773 1198 856 ἤγουν

182 880 254 946 add.
274 881 330 946 alt.
348 903 390 946 m.
410 917 448 928 —
469 881 514 964 81.
533 880 564 944 V
584 881 648 946 591
669 882 745 963 βίας
763 881 972 963 decrevente,
990 877 1046 944 καὶ
1064 888 1122 963 τῆς
1140 880 1199 944 illa

177 987 254 1054 add.
276 1024 320 1034 -
344 986 521 1074 8111621
552 985 723 1071 στέφανοι,
750 988 812 1052 illa
840 987 911 1052 add.
933 986 1050 1069 ἤγουν.
1079 1021 1120 1032 -
1155 987 1198 1070 gl.

180 1092 213 1158 V
233 1095 298 1160 812
325 1095 444 1176 ναοὺς,
476 1094 535 1158 illa
568 1095 639 1159 add.
666 1095 753 1170 τοὺς.
779 1130 818 1142 -
849 1095 892 1180 81.
911 1093 942 1157 V
962 1095 1024 1160 821
1051 1094 1091 1159 td
1118 1093 1199 1159 ὀστᾶ

180 1205 261 1283 xri,
283 1198 339 1265 καὶ
361 1202 419 1265 illa
441 1199 661 1285 praescripsit.
688 1237 726 1248 -
752 1203 795 1285 gl.
814 1200 845 1265 V
864 1202 929 1267 819
948 1199 1004 1266 καὶ
1023 1195 1125 1285 αὖχος
1142 1197 1198 1265 καὶ

127 1335 129 1339 ’
181 1308 336 1392 καύχημα
353 1309 502 1391 ἔχουσαι,
519 1307 580 1372 τὸν
597 1310 748 1391 Δαρεῖον
771 1307 843 1376 add.
865 1307 932 1371 illa.

152 1409 155 1418 ’
199 1500 202 1504 ,
249 1414 313 1479 Est
352 1414 417 1478 ista
458 1414 612 1478 nimirum
654 1414 814 1497 cupiditas
857 1413 1028 1478 scribendi.
1094 1410 1198 1488 Quam

183 1525 294 1586 autem
317 1524 465 1585 accurate
489 1542 528 1585 ea
546 1521 723 1605 perlegerit
746 1520 908 1604 librarius,
931 1541 1013 1604 quac
1036 1518 1127 1603 prior
1145 1540 1198 1583 ex-

183 1627 305 1710 aravit,
327 1627 401 1692 inde
424 1627 565 1692 maxime
588 1632 738 1712 apparet,
762 1627 847 1712 quod
870 1629 914 1714 gl.
938 1627 1004 1691 610
1028 1629 1199 1692 accentum

183 1733 226 1798 ab
253 1733 312 1797 illo
341 1734 498 1798 omissum
525 1734 649 1819 posuit,
677 1757 706 1799 v.
736 1733 824 1800 1015
850 1738 1017 1799 accentum
1050 1733 1200 1818 correxit,

184 1841 228 1925 81.
253 1839 340 1905 1069
372 1840 558 1904 litterarum
590 1842 765 1906 nonnullas
797 1841 934 1906 lineolas
960 1861 1063 1923 paene
1091 1840 1200 1904 evani-

183 1946 242 2010 das
272 1967 330 2012 ruo
357 1947 483 2032 liquore
510 1947 628 2011 iterum
655 1948 771 2031 pinxit,
799 1969 898 2032 supra
925 1968 1045 2011 nomen
1072 1945 1199 2028 Xerxis,

185 2052 276 2138 quod·
291 2045 401 2120 v.'736
425 2052 557 2138 legitur,
579 2051 701 2117 lineam
725 2053 826 2136 duxit,
849 2074 931 2137 quae
951 2074 1048 2134 supra
1067 2053 1200 2116 nomina

184 2159 282 2224 scribi
310 2159 448 2224 solebat.
493 2159 576 2224 Tum
605 2159 737 2243 81105
765 2161 848 2242 πρὸς
874 2160 934 2224 τὸν
962 2159 1066 2242 χορὸν
1093 2179 1132 2222 ex
1161 2179 1199 2222 eo

183 2264 338 2331 haustum
358 2270 417 2349 cst,
441 2267 526 2351 quod
545 2266 694 2350 proximo
709 2289 805 2332 versu
824 2267 964 2352 apriorc
979 2287 1080 2330 manu
1094 2263 1200 2339 datur,

180 2373 268 2454 πρὸς
299 2373 360 2455 τὴν
384 2370 558 2438 Ἄτοσσαν.
605 2371 667 2438 Sed
700 2373 786 2459 quod
819 2373 885 2438 dixi
917 2395 934 2439 c
968 2373 1068 2438 schol.
1098 2393 1199 2456 marg.

184 2478 288 2562 petita
311 2501 392 2564 esse,
414 2501 496 2564 quae
520 2501 593 2544 eum
617 2478 663 2543 eis
683 2479 865 2561 concinant,
888 2479 1042 2562 inspicias
1062 2479 1200 2564 81821.
1241 2547 1245 2555 ,

184 2581 250 2649 Ubi
269 2585 358 2668 prior
376 2585 528 2650 librarius
548 2607 647 2669 supra
664 2586 725 2650 τὸν
743 2588 892 2671 παρόντα
907 2581 1052 2669 δαίμονα
1066 2584 1199 2669 scripsit

183 2691 246 2774 τὴν
270 2699 377 2756 οῦσαν
399 2691 566 2776 εὐτυχίαν,
594 2691 680 2777 quod
708 2692 799 2776 legas
822 2693 884 2775 τὴν
907 2699 1082 2776 παροῦσαν
1105 2690 1199 2755 εὐτυ-

68 2819 70 2826 ’
184 2801 270 2882 χίαν.
316 2800 409 2864 Alter
431 2797 584 2884 praefixit
605 2813 694 2880 προσ
713 2802 788 2864 ante
807 2803 924 2880 οῦόαν,
948 2819 1020 2862 cum
1041 2798 1076 2861 in
1095 2817 1197 2880 marg.

186 2904 252 2969 sch.
276 2904 455 2969 invenisset
476 2903 538 2986 τὴν
561 2912 756 2985 προσοῦσαν
779 2904 868 2992 αὐτῷ
891 2903 1056 2988 εὐτυχίαν.
1106 2903 1110 2910 ’

251 3010 361 3097 Atque
388 3011 450 3077 hoc
476 3015 599 3075 certum
626 3014 688 3076 est:
718 3011 745 3074 si
769 3010 946 3094 dempseris
975 3033 1026 3093 eu,
1054 3033 1136 3095 quae
1163 3011 1197 3075 iu

185 3116 316 3182 scholiis
340 3137 441 3202 marg.
462 3120 495 3180 et
514 3116 571 3201 gll.
591 3117 631 3181 ab
656 3117 759 3181 altera
779 3139 878 3182 manu
897 3117 1038 3182 exaratis
1061 3117 1144 3182 inter
1163 3140 1198 3183 se

185 3224 278 3308 paria
301 3228 387 3306 sunt,
409 3224 608 3308 paucissima
631 3227 764 3306 restare,
787 3245 870 3307 quae
895 3223 1038 3308 aliquam
1058 3224 1198 3310 speciem

184 3344 279 3394 verae
309 3329 531 3395 adnotationis
564 3351 603 3394 ex
636 3328 815 3412 archetypo
847 3329 984 3418 haustae
1014 3331 1198 3414 praebeant.

185 3435 294 3520 Atque
318 3458 356 3500 ea
378 3435 525 3519 profecto
550 3457 567 3500 e
590 3436 693 3500 lexico
718 3435 860 3519 quodam
883 3437 1024 3520 repetita
1047 3440 1131 3500 sunt.

252 3540 300 3607 Ut
328 3547 436 3607 autem
470 3541 522 3605 hic
554 3541 707 3607 librarius
739 3540 937 3608 scholiorum
969 3542 1198 3625 marginalium
1284 3565 1285 3572 ¹
