2642 3872
150 141 215 206 146
581 145 738 206 scnomA

152 327 228 389 μου.
264 303 400 390 ἐρήμοις
421 306 485 391 γάρ
510 304 650 392 [τόποις]
678 300 776 384 οὗτος
800 306 817 374 ὁ
841 309 922 386 θεὸς
945 308 1168 395 ἐνδιατρίβειν

121 411 273 478 εείάθει.
305 451 307 456 ·

223 575 240 624 4
258 567 355 634 τόποις
373 587 427 644 om,
446 570 558 625 Dd.VH
578 602 610 611 -
630 576 646 625 ὁ
666 571 770 626 είωθεν
789 569 815 625 V

217 752 283 818 453
294 773 363 837 sqq.
400 750 548 818 ἐνταῦθα
575 749 694 836 πέμπει
716 752 851 817 τούσδεε
880 751 1043 836 ἐνταῦθα,
1071 757 1165 837 φησί,

149 858 233 939 πρὸς
262 858 324 941 τὴν
353 856 531 943 εἰρημένην
560 868 667 942 νῆσον
696 859 758 942 τὴν
791 859 1015 943 Ψυττάλειαν,
1047 859 1166 944 πέμπει

148 964 289 1040 τούτους
308 957 474 1048 ὁΞέρξης,
498 965 597 1047 ὅπως,
621 964 701 1030 ὅταν
720 966 755 1031 οί
771 964 887 1050 ἐχθροὶ
906 977 974 1031 τῶν
989 970 1166 1051 Περσικῶν

149 1081 237 1135 νεῶν
274 1069 462 1155 φθαρέντες
497 1079 604 1156 νῆσον
641 1071 838 1150 ἐκσωζοίατο
876 1071 951 1138 άντλ
986 1082 1048 1138 τοῦ
1084 1074 1165 1158 μετά

123 1183 285 1261 εφθορᾶς
307 1175 362 1242 καὶ
385 1178 511 1262 βλάβης
533 1177 709 1244 ἐκσωθῶσι
736 1176 792 1243 καὶ
816 1177 977 1257 ἐξέλθωσι
998 1181 1081 1264 πρὸς
1102 1181 1163 1263 τὴν

150 1291 268 1366 νῆσον,
299 1288 461 1350 κτείνοιεν
489 1282 544 1350 καὶ
566 1287 768 1370 φονεύσειαν
799 1285 926 1373 ῥᾳδίως
956 1285 1166 1370 κρατηθέντα

149 1393 209 1457 τὸν
240 1393 381 1478 στρατὸν
410 1402 479 1456 τῶν
501 1386 683 1475 Ἑλλήνων,
713 1394 792 1470 τοὺς
821 1396 942 1476 φίλους
972 1389 1009 1458 δὲ
1032 1391 1165 1478 Πέρσας

149 1500 371 1578 ὑπεκσωζοιεν
393 1499 460 1564 ὑπὸ
481 1509 550 1563 τῶν
572 1501 770 1564 θαλασσίων
791 1503 921 1583 πόρων
948 1510 1056 1577 κακῶς
1079 1501 1165 1566 ίστο-

149 1617 219 1688 ρῶν
240 1604 339 1691 <καὶ>
357 1604 555 1690 προβλέπων
572 1603 629 1670 καὶ
646 1617 737 1670 νοῶν
755 1603 810 1670 καί
829 1617 963 1671 σκοπῶν
981 1607 1018 1672 τὸ
1033 1605 1164 1691 μέλλον.

107 1732 135 1772 το
149 1714 270 1790 άλλως·
294 1713 363 1778 ἐκεῖ
382 1714 446 1797 γάρ
470 1715 593 1796 ἔπεμψε
616 1713 696 1788 τοὺς
717 1712 881 1799 ἡγεμόνας
905 1713 923 1778 ὁ
942 1711 1074 1797 Ξέρξης,
1098 1713 1163 1796 ἵνα,

149 1818 209 1884 ἐὰν
232 1820 413 1903 φεύγοντες
437 1819 472 1884 οί
487 1817 664 1902 Ἀθηναῖοι
687 1821 834 1884 ἔλθωσιν
858 1819 973 1902 ἐκεῖσε,
1002 1820 1164 1886 ἀποκταν-

148 1933 237 1992 θῶσι
268 1921 347 2011 παρ’
382 1927 502 1992 αὐτῶν.
558 1923 683 2010 συνέβη
718 1922 756 1992 δέ
791 1925 1001 1995 τούναντίον,
1056 1928 1094 1992 τὸ
1127 1924 1165 1992 δὲ

150 2033 293 2119 ἱστορῶν
316 2035 498 2118 σημείωσαι
521 2031 596 2098 ἀντὶ
618 2043 681 2099 τοῦ
703 2031 911 2117 προβλέπων.

220 2197 236 2244 2
255 2191 325 2259 πρὸς
343 2190 394 2260 τὴν
414 2187 586 2262 εἱμαρμένην
602 2190 654 2260 τὴν
669 2188 820 2261 εἰρημένην
835 2193 860 2244 V
874 2222 908 2233 -
923 2193 1065 2259 ψυταλίαν
1079 2191 1163 2261 vulgo

149 2263 205 2316 VH
223 2261 287 2332 (τὴν
305 2279 359 2317 om.
374 2261 412 2332 H)
433 2293 465 2302 -
485 2269 502 2316 4
521 2270 599 2317 ναῶν
612 2263 638 2316 Η
655 2293 686 2302 -
705 2263 776 2330 πρὸς
793 2261 845 2332 τὴν
864 2270 952 2333 νῆσον
969 2261 1113 2332 vulgoDd.
1129 2293 1162 2303 —

148 2363 328 2435 ἐκοωζοίατο,
356 2371 371 2434 ζ
392 2384 461 2424 νοτε.
481 2386 497 2424 ο
515 2386 540 2438 ο,
558 2368 585 2423 V
608 2399 640 2409 -
671 2336 798 2439 δάορᾶς
825 2370 863 2438 V,
891 2377 1054 2440 μεταφορᾶς
1076 2369 1101 2422 Η
1130 2400 1161 2408 -

149 2445 164 2492 6
184 2441 334 2508 φθείροιεν
353 2439 402 2493 καί
424 2442 562 2495 κτείνοιεν
586 2439 635 2494 κοιλ
654 2441 807 2509 φονεάοαιε
831 2442 893 2512 (sic)
909 2441 948 2504 Η,
977 2443 1096 2501 κτείνειε
1114 2438 1164 2494 καὶ

148 2511 280 2578 φθείροιε
299 2510 349 2564 καλ
367 2510 517 2580 φονεάοοιε
537 2512 561 2564 V
580 2541 614 2552 —
634 2517 650 2565 ’1
668 2511 719 2566 τὸν
737 2527 791 2567 om.
811 2511 869 2564 VH
888 2543 920 2554 -
940 2516 956 2565 8
975 2512 1163 2576 άπεκσάζοιεν

147 2581 204 2636 ἀπὸ
227 2580 257 2646 V,
281 2576 428 2646 ἐκοώζοιεν
450 2590 507 2637 τῶν
525 2581 552 2635 Η
571 2614 604 2622 -
626 2588 659 2636 10
667 2599 727 2652 sqq.
750 2582 838 2637 verba,
858 2583 925 2638 indo
948 2581 984 2637 ab
1003 2583 1090 2646 ἄλλως
1108 2599 1163 2636 om.

146 2653 203 2706 VH
224 2683 255 2692 -
278 2659 310 2706 12
330 2648 441 2722 ἐγένετο
458 2669 510 2724 pro
528 2651 632 2726 συνέβη
651 2653 737 2724 vulgo

215 2815 278 2881 457
292 2839 360 2901 sqq.
397 2817 441 2894 ὡς
470 2818 533 2901 γὰρ
561 2817 654 2894 θεὸςε
683 2813 753 2882 ἐπεὶ
781 2817 862 2900 γάρ,
894 2817 1008 2900 φησίν,
1037 2815 1055 2881 ὁ
1082 2818 1164 2892 θεὸς

145 2924 249 2992 ἔδωκε
278 2935 349 3000 τοῖς
367 2921 505 3009 Ἕλλησι
536 2925 638 3001 κῦδος
669 2921 725 2988 καὶ
752 2922 852 3002 δόξαν
880 2932 938 3006 τῆς
964 2923 1069 3007 μάχης
1095 2933 1163 2988 τῶν

147 3039 233 3093 νεῶν
265 3031 338 3114 ἤτοι
366 3030 403 3096 ἐν
430 3041 469 3118 τῇ
497 3034 664 3118 ναυμαχία
692 3029 857 3113 ἐτίμησεν,
891 3029 1086 3115 αὐθημερὸν
1108 3026 1162 3093 καὶ

147 3135 184 3200 ἐν
208 3136 290 3220 αὐτῇ
314 3136 422 3222 ἐκείνη
444 3147 483 3222 τῇ
506 3137 613 3223 ἡμέρᾳ
635 3135 844 3220 ἐξέθρωσκον
867 3135 922 3202 καὶ
946 3137 1077 3219 ἐπήδων
1098 3137 1163 3202 ἀπὸ

120 3251 214 3306 ιτῶν
246 3253 334 3308 νεῶν
362 3245 546 3328 φράξαντες
575 3246 612 3310 τὸ
641 3255 735 3329 σῶμα
764 3242 891 3309 ἑαυτῶν
918 3243 1034 3321 ὅπλοις
1055 3249 1163 3322 καλῶς

220 3387 233 3433 1
254 3379 269 3435 δ
287 3380 357 3444 θεός
376 3400 462 3452 φησιν
481 3383 506 3436 V
526 3415 558 3426 -
578 3391 593 3440 2
613 3385 679 3448 τοὺς
700 3381 816 3452 ἐλληνας
834 3381 860 3437 V
881 3415 911 3424 -
930 3390 980 3452 τῆς
998 3357 1089 3453 μάχης
1106 3392 1162 3438 τῶν

147 3451 426 3580 θῶαῖτδῐόνᾟςο-
446 3462 463 3509 4
481 3471 532 3525 pro
551 3456 621 3511 άπδι
642 3451 674 3510 ἐκ
690 3455 712 3505 V
732 3485 766 3496 -
786 3462 802 3509 ὀ
816 3458 895 3510 θεῶν
913 3453 940 3508 Η
954 3485 988 3496 -
1003 3453 1117 3524 φράξαν
1137 3457 1161 3509 Η
