2652 3866
538 159 578 209 IN
596 159 628 212 V.
648 160 798 212 851-862.

21 398 24 408 ³
159 318 288 402 ἐσθῆτα·
300 318 339 384 V.
361 355 397 364 -
420 318 484 384 851
510 315 640 402 *ἤγουν

160 427 270 510 ἱμάτια
294 425 426 511 λαμπρά
445 424 485 491 V.
509 462 547 473 —
574 426 639 491 852

30 527 32 530 ’
161 541 330 597 συναντᾶν
354 531 393 597 V.

160 640 224 705 853
239 639 280 704 οὐ
294 640 359 725 γάρ
372 639 467 723 ἡμεῖς
479 638 519 703 τά
535 640 639 704 οἰκεῖα

159 743 274 833 (ὅμοια
289 744 382 832 cod.)‚
403 747 482 822 τοὺς
496 747 640 823 οἰκείους

158 852 311 937 (ὁμοίους
347 851 431 941 cod.)
470 855 639 937 δηλονότι,

157 958 326 1043 πράξομεν
345 960 388 1054 V.
415 998 453 1008 -

157 1067 224 1132 854
248 1064 338 1151 *φεῦ
352 1066 393 1134 V.
411 1104 452 1115 —
474 1070 579 1145 ὅντως
597 1067 637 1134 V.

160 1209 199 1220 -—
216 1175 372 1258 μεγάλας]
392 1175 436 1258 *η
452 1196 548 1258 super
564 1197 583 1238 a
597 1173 637 1238 V.

159 1315 196 1326 -
210 1281 246 1344 In
263 1301 363 1365 marg.
379 1279 439 1345 GL
454 1285 503 1345 est
518 1281 582 1346 sch.
593 1279 637 1362 M,

157 1386 213 1450 sed
235 1393 471 1471 θαυμαστικῶς
489 1410 561 1471 ουτ,
584 1387 637 1452 εὐ-

156 1493 354 1578 τυχημάτων
377 1494 468 1558 deest
490 1494 525 1558 in
544 1493 578 1559 L.
593 1531 638 1541 -

156 1601 223 1665 855
242 1602 412 1685 εἰρηναίας
422 1599 461 1666 V.
473 1638 512 1648 -
530 1602 637 1684 *ζωῆς

156 1705 195 1772 ν,
219 1743 261 1753 .-

155 1920 221 1985 856
246 1919 451 2005 άπετύχομεν
465 1919 540 1985 VG.
565 1919 636 1986 ἐπε-

153 2027 298 2110 τύχομεν
322 2027 389 2091 BL.
410 2064 451 2075 -
471 2026 636 2110 *ὁπηνίκα

157 2132 197 2198 V.
220 2171 263 2181 -
293 2135 356 2198 857
382 2131 425 2199 *ὁ
455 2133 566 2217 ἀρκῶν
589 2136 636 2212 εἰς

154 2239 280 2316 πάντας
294 2239 334 2305 V.
349 2278 391 2287 -
408 2240 472 2307 858
496 2241 538 2306 *ὁ
558 2240 636 2307 άκοι-

157 2347 342 2432 ταμάχητος
393 2345 636 2434 (ἀκταμάχητος

154 2451 239 2541 cod.)
271 2453 311 2518 V.
342 2491 384 2500 —
423 2454 487 2519 859
524 2449 635 2540 ἦρχεν,

154 2559 344 2643 ἐβασίλευε,
371 2559 458 2625 infra
485 2583 567 2645 quae
594 2562 635 2626 ab

154 2669 211 2730 alt.
236 2690 278 2732 m.
301 2665 346 2750 *η
375 2689 472 2760 super
500 2691 521 2731 α
546 2669 634 2732 vocis

153 2767 233 2856 ἆοιε
261 2772 301 2839 V·
328 2811 373 2821 -
405 2773 526 2859 χώρας]
556 2775 636 2858 *τῆς

155 2878 194 2943 V,
219 2916 260 2925 ..

154 2985 221 3049 860
262 2983 317 3050 καὶ
357 2989 557 3072 περιβοήτου
596 2986 636 3051 V.

155 3095 408 3179 τροπαιοφόρον
436 3092 473 3159 G.
501 3131 538 3140 -
570 3093 634 3163 861,

155 3195 232 3264 *καὶ
261 3199 300 3262 V.
332 3236 375 3246 —
408 3201 473 3265 862
506 3197 635 3283 *ἤγουν

158 3305 193 3370 οἱ
231 3310 338 3382 καλῶς
382 3303 635 3383 πολιτευθέντες

153 3413 252 3495 νόμοι
280 3411 320 3476 V.
347 3450 384 3459 -
415 3411 544 3497 *ἤγουν
573 3413 634 3498 τὴν

155 3521 255 3583 πόλιν
277 3517 371 3603 ἡμῶν
390 3519 430 3585 V.
455 3557 497 3566 —
522 3519 635 3604 ἴστων,

692 1067 759 1132 854
781 1073 1017 1151 θαυμαστικῶς
1039 1069 1174 1154 σύγκρι-

693 1191 749 1239 σιν
772 1185 915 1239 ποιεῖται
937 1184 1005 1241 τῶν
1029 1173 1080 1239 ἐπὶ
1104 1180 1173 1240 Δα-

692 1283 785 1366 ρείου
823 1281 1059 1366 εὐτυχημάτων
1090 1284 1173 1367 πρὸς

690 1388 730 1452 τά
757 1397 822 1453 νῦν
849 1388 942 1453 κακά.
975 1425 1013 1436 -
1048 1389 1114 1454 855
1137 1391 1171 1454 in

691 1501 835 1560 extremo
867 1496 1012 1580 margine
1037 1545 1071 1561 ..
1096 1500 1171 1562 ονό-

690 1624 756 1684 μον
787 1597 930 1686 (initium
959 1602 1108 1668 vocabuli
1136 1605 1171 1668 in

691 1707 935 1792 compingendis
963 1709 1050 1774 foliis
1085 1709 1171 1774 abla-

690 1813 785 1900 tum).
800 1852 837 1862 —

691 2986 757 3050 860
774 2995 887 3069 πρῶτα
902 2982 962 3069 μὲν
977 2986 1169 3070 εὐδοκίμους

689 3103 823 3174 πρῶτον
842 3088 903 3176 μὲν
922 3093 1004 3158 κατὰ
1023 3095 1169 3176 πόλεμον

691 3199 911 3283 διὰστρατιᾶς
925 3199 1169 3283 εὐδοκιμοῦμεν
1250 3223 1254 3232 ·
1285 3235 1286 3239 =

689 3303 744 3370 καὶ
777 3304 931 3390 ὁρμῶμεν
963 3307 1045 3371 κατά
1074 3329 1169 3370 νενο-

689 3411 832 3497 μισμένα
860 3414 923 3497 ἔθη
952 3423 1024 3490 ταῖς
1052 3415 1169 3477 πόλεσι

689 3529 761 3596 ταῖς
779 3520 1039 3605 πορθουμέναις,
1060 3518 1101 3584 οὐ
1118 3542 1169 3584 τε-

1163 3770 1276 3802 Δ
