2642 3872
530 195 570 245 IN
587 194 619 246 V.
641 196 790 246 τοο-ιιι.
1102 189 1168 271 2η5

153 354 220 419 760
230 346 534 440 στράτευμ’]ἤγαγε
545 352 632 419 Η.-
690 355 753 419 761
784 363 853 430 τοῖς
875 351 1169 439 προτρεψαμένοις.

155 461 219 525 761
246 470 315 535 τοῖς
343 460 634 543 συμβουλεύσασιν
690 498 731 542 ··.
756 458 852 548 (763)
876 462 923 538 είς
947 461 1084 546 φθορὰν
1106 484 1170 546 χω-

152 565 394 652 ἀνθρώτιοιςλλ.
418 566 530 642 αὐτοῖς
545 564 634 649 (τού-
689 575 803 651 ρῆσαν.
828 605 869 613 -

151 695 222 749 τοις
249 671 290 758 Β)
327 682 397 748 τοῖς
434 672 636 757 συμβούλοις

154 779 257 844 BGL.
286 817 329 825 -
361 776 443 843 *καὶ
471 783 635 843 τετελειω-

151 883 255 969 μένον
274 885 312 950 V.
332 921 375 931 -

154 993 219 1057 762
243 992 414 1075 ἀλύθητον
433 990 473 1056 V.
500 1027 537 1037 -
570 990 633 1056 763
690 992 753 1058 763
768 991 916 1076 ἐκενώύη
931 993 971 1058 τὰ
986 995 1112 1058 Σοῦσα.
1124 1031 1169 1040 -

151 1094 240 1179 τύδ’]
274 1097 404 1181 ἐγένετο
424 1096 463 1162 V.
496 1135 533 1143 —
570 1097 635 1160 764

152 1201 239 1287 *ἀφ’
262 1199 303 1270 οὗ
323 1203 362 1269 V.
381 1241 425 1251 —-
448 1204 555 1287 ἤγουν
574 1203 635 1268 τὸν

152 1308 271 1398 πρῴην
293 1308 430 1393 βασιλέα
449 1310 580 1392 Μήδων
594 1307 635 1373 V.

155 1455 192 1466 -
224 1416 412 1502 *παρέσχεν
436 1415 475 1481 V.
501 1453 539 1463 —
569 1416 633 1481 765

151 1521 218 1604 ἕν’]
243 1525 326 1588 ὥστε
346 1523 385 1587 V.
405 1561 447 1569 -
472 1519 529 1586 καὶ
551 1522 634 1586 καλὰ

150 1630 326 1716 θρέμματα
359 1627 499 1713 ἐχούσης
521 1628 562 1694 V.
590 1665 633 1675 -·

154 1739 217 1804 766
264 1736 480 1820 ἡγεμονεύειν
512 1735 552 1801 V.
593 1771 631 1782 —

150 1845 414 1934 ανβερνητῆριον
451 1841 491 1908 V.
550 1842 634 1920 διεξ-

151 1951 277 2034 ύγονια
299 1955 407 2025 καλῶς
430 1948 471 2014 Η.
496 1985 538 1996 -
569 1949 631 2013 767

151 2057 285 2142 Μῆδος]
300 2054 345 2122 *ὁ
360 2055 401 2121 V.
418 2093 456 2103 -
478 2057 634 2138 βασιλεὺς

150 2172 209 2248 τῆς
233 2164 400 2246 Περσίδος
418 2161 458 2226 V.
481 2198 517 2208 -
637 2214 647 2248 ·.

153 2271 217 2334 768
241 2271 347 2352 ἤγουν
371 2267 389 2334 ὁ
409 2264 633 2354 Ἀρταφρένης

151 2375 191 2441 V.
219 2375 237 2440 ὁ
257 2373 482 2460 Ἀρταφρένης
496 2374 534 2441 G.
560 2371 633 2458 Ἀρ·

150 2482 318 2567 ταφρένης
333 2482 369 2546 Β.
389 2519 427 2528 -
449 2481 580 2565 ἀγαθὸν
592 2480 633 2546 V.
984 2567 987 2572 Ι

156 2625 191 2635 -
216 2590 279 2654 769
299 2591 420 2672 τρόπος
443 2588 631 2673 ἐτυμολογι-
687 2591 751 2656 769
766 2587 1031 2676 δἈρταφέρνης,
1044 2587 1167 2654 δνέτν-

150 2697 208 2772 κὸς
221 2695 262 2762 V.
289 2705 415 2760 νοεῖται
436 2696 499 2778 γὰρ
520 2695 556 2759 ἐκ
574 2703 632 2778 τῆς
686 2701 825 2781 μολογεῖ
866 2695 884 2762 ὁ
926 2694 1040 2780 ἀρτίας
1080 2697 1167 2780 ἔχων

151 2801 368 2886 ἐτυμολογίας
391 2809 448 2884 τῆς
470 2800 632 2883 λεγούσης
686 2801 819 2888 φρένας.
841 2839 879 2848 -
904 2799 922 2866 ὁ
942 2797 1166 2888 Ἀρταφέρνης

152 2911 239 2992 ἔχειν
262 2908 392 2973 ἐκεῖνον
415 2907 529 2992 ἀρτίας
552 2905 632 2992 φρί-
686 2907 719 2987 ἐξ
743 2908 967 2994 ἐτυμολογίας.
987 2944 1032 2955 -

150 3041 212 3093 νας
235 3037 337 3101 marg.
353 3014 389 3079 G.
411 3051 450 3062 -

152 3124 217 3188 770
235 3121 369 3206 *ἤγουν
388 3118 456 3206 μετ’
479 3120 582 3186 αὐτὸν
591 3119 630 3185 V.
686 3123 752 3188 770
772 3118 821 3208 (in
841 3142 942 3208 marg.
963 3119 1068 3206 super.
1088 3126 1164 3187 ante

154 3267 192 3278 -
227 3228 391 3311 *εὐτυχὴς
414 3227 453 3292 V.
489 3263 526 3274 -
566 3228 628 3291 771
685 3252 713 3295 v.
751 3225 831 3316 751)
877 3231 991 3314 Κῦρος
1034 3238 1165 3314 πρῶτος

149 3335 232 3402 *καὶ
254 3336 316 3418 τῆν
340 3333 445 3419 ἀρχὴν
464 3335 577 3418 λαβὼν
591 3332 630 3400 V.
684 3335 929 3422 προσεκτήσατο
944 3335 1089 3422 Πέρσαις
1102 3335 1166 3420 τῆν

153 3481 191 3491 -
210 3445 273 3509 772
290 3443 398 3526 ἤγουν
412 3443 509 3523 ἔλαβε
522 3444 631 3507 πολὺν
684 3441 791 3528 ἀρχὴν
801 3444 935 3528 Μῆδαν
949 3441 1164 3527 ἀφελόμενος.

150 3552 233 3616 λαὸν
257 3549 382 3616 Λυδῶν
405 3550 460 3612 καὶ
487 3553 630 3634 Φρυγῶν
684 3550 802 3636 Κύρου
852 3551 925 3627 υίὸς
970 3549 1164 3634 Καμβύσης,
