2632 3878
524 252 737 304 PRAEFATIO.
1089 251 1141 301 XV

192 413 340 499 Denique
373 413 413 478 ad
448 411 620 477 editionem
649 411 843 477 scholiorum
872 409 903 476 A
930 411 983 476 his
1012 433 1141 496 quoquc

128 545 201 589 usus
226 543 297 586 sum
326 520 613 606 codicibus-quos
640 540 707 583 non
736 517 800 582 nisi
830 540 870 583 ex
893 516 1052 582 Dindorfii
1076 517 1142 581 edi-

129 629 213 694 tione
237 627 327 693 novi:
417 679 419 682 .

188 734 234 800 P:
259 734 358 800 codex
381 732 548 797 Parisinus
573 732 660 797 2787
685 731 883 812 chartaceus,
907 731 1028 796 saeculi
1050 730 1141 816 XIV,

127 848 190 907 tres
213 841 334 925 primas
358 840 488 904 fabulas
511 842 544 903 et
567 839 693 904 scholia
715 839 746 903 A
769 839 966 923 complexus.

190 944 233 1013 0:
263 948 362 1013 codex
386 946 552 1010 Parisinus
576 947 665 1012 2785
688 945 799 1030 paullo
823 945 1000 1030 antiquior,
1028 945 1144 1010 eadem

126 1055 287 1124 exhibens.
751 1042 755 1052 ’
926 1069 928 1074 ·

190 1161 368 1246 Utriusque
392 1161 595 1245 glossemata
618 1157 702 1224 ‘cum
731 1158 856 1224 delectu
885 1157 1039 1252 quodam'
1061 1157 1141 1250 Din-

128 1269 243 1334 dorfius
268 1265 449 1352 exscripsit,
471 1267 563 1331 nulla
587 1269 706 1350 tamen,
733 1287 815 1351 quae
839 1266 879 1331 ad
902 1265 1018 1332 Persas
1041 1267 1140 1352 perti·

124 1378 215 1459 nent,
248 1374 390 1458 exeeptis
423 1372 530 1460 grto
559 1375 632 1440 u2
661 1377 695 1438 et
718 1374 747 1439 7.
797 1372 870 1438 Hoc
907 1375 1036 1458 quidem
1064 1375 1140 1439 ulti-

124 1504 210 1546 mum
244 1482 279 1546 in
312 1481 421 1546 codice
454 1502 525 1545 esse
558 1481 678 1545 diserte
711 1481 798 1546 dicit.
848 1479 979 1546 Scholia
1011 1483 1042 1546 A
1075 1503 1140 1564 quo

124 1589 218 1654 modo
242 1589 276 1653 in
300 1587 327 1654 Ο
352 1592 385 1654 et
408 1588 433 1652 P
456 1587 580 1652 tradita
602 1588 681 1672 sint,
708 1587 899 1672 plerumque
922 1587 1037 1666 nescis,
1065 1609 1137 1652 cum

124 1697 287 1761 rarissime
311 1694 416 1760 editor
443 1695 550 1760 varias
578 1693 736 1759 lectiones
764 1695 978 1760 adnotaverit.
1023 1693 1142 1778 Itaque

123 1804 310 1888 plerumque
333 1824 391 1885 pro
417 1802 510 1888 siglis
535 1799 561 1866 0
586 1806 619 1864 et
641 1801 667 1866 P
691 1801 824 1866 adhibui
847 1805 960 1866 notam
984 1800 1045 1867 Dd.

188 1909 251 1974 Pro
275 1904 448 1987 Aristera,
477 1931 542 1992 qua
565 1908 690 1974 scholia
713 1908 864 1972 editionis
889 1907 1096 1974 Stanleianae
1120 1931 1141 1971 a

123 2015 291 2080 Dindortio
319 2016 459 2098 repetita
487 2015 726 2100 significantur,
759 2020 816 2080 aut
842 2015 977 2080 nomina
1011 2014 1140 2080 Victorii

122 2126 157 2186 et
176 2121 303 2188 Paconi
326 2122 490 2206 substitui,
514 2145 652 2208 quorum
675 2121 832 2187 editiones
857 2142 930 2186 eum
950 2120 1141 2185 Stanleiana

120 2227 191 2292 fere
221 2229 460 2294 consentientes
489 2230 544 2314 (cf.
568 2229 665 2293 Dind.
688 2228 762 2294 edit.
786 2227 886 2293 schol.
909 2251 940 2312 p.
959 2223 1019 2312 VI)
1047 2247 1139 2292 accu-

117 2335 286 2400 ratissime
313 2337 451 2420 contuli,
484 2341 542 2401 aut
574 2337 601 2400 si
629 2337 712 2399 alter
741 2357 814 2400 cum
845 2335 950 2400 altero
980 2333 1142 2418 congruit,

117 2461 234 2533 vocem
256 2442 347 2526 octqo
371 2443 532 2509 adnotavi.

523 2659 737 2666 .—.——--—--

616 2821 643 2892 Ι.

187 2971 361 3058 Cogitanti
389 2975 482 3059 mihi,
510 2997 573 3060 quo
601 2975 698 3040 modo
721 2977 756 3040 in
784 2974 1042 3060 argumentando
1066 2997 1139 3058 pro-

23 3082 24 3122 t
118 3081 281 3165 graderer,
301 3081 478 3148 adversarii
496 3081 583 3146 viam
601 3073 823 3148 ostenderunt.
861 3081 1011 3159 Quicum
1026 3105 1139 3146 unam·

120 3208 285 3272 quamque
300 3189 447 3254 codicum
463 3189 680 3255 recentiorum
694 3190 877 3276 lectionem,
896 3211 978 3274 quae
996 3193 1141 3272 praestet

115 3294 256 3358 lectioni
279 3295 356 3359 libri
379 3295 528 3382 Medicei,
556 3301 612 3362 aut
636 3320 655 3361 a
677 3295 857 3382 Byzantino
881 3300 938 3360 aut
962 3318 981 3360 a
1003 3296 1140 3360 librario

114 3400 342 3486 excogitatam
366 3424 436 3468 esse
464 3405 673 3483 contendant,
701 3405 860 3488 separabo
885 3425 931 3488 ec,
959 3425 1041 3489 quae
1064 3425 1140 3486 pos-

113 3507 191 3571 sint
211 3507 424 3575 conieetando
443 3509 577 3576 inventa
591 3533 671 3594 esse,
694 3511 735 3576 ab
754 3511 812 3596 eis,
835 3531 917 3595 quae
935 3510 1020 3574 haud
1041 3509 1140 3572 dubie

110 3613 159 3678 ad
187 3613 359 3702 archetypi
382 3617 576 3702 scripturam
598 3617 767 3682 referenda
790 3617 866 3682 sint.
