2642 3872
537 157 576 208 IN
595 158 627 209 V.
647 159 797 208 342-347.

158 330 251 403 νηῶν
263 329 331 384 τῶν
341 315 509 400 Ἑλλήνων
520 318 640 399 δηλον-

158 429 210 490 ότι
228 425 268 491 V.
288 463 330 473 —
355 427 419 490 342
443 426 550 507 ἤγουν
572 447 641 508 τρι·
695 424 760 488 342
783 420 933 488 τουτέστι
950 420 992 486 τ’.
1014 461 1051 470 -

158 535 316 608 ακοσίους
324 531 363 596 V.
389 533 496 614 ἤγουν
510 527 640 614 τριακο-

160 641 234 714 σιάς
260 646 343 712 ναῦς
369 636 405 702 L.
450 639 640 721 τριακοσίας

157 753 240 821 ναῦς
291 743 328 807 Β.
400 743 639 826 τοιακοντάὸας

156 853 264 933 ἤγουν
287 851 477 935 τριακοσίας
499 858 582 925 ναῦς
601 848 639 912 G.

157 994 199 1003 —
229 959 293 1023 343
326 959 432 1036 ναῦν]
462 967 529 1021 τῶν
558 961 590 1018 et
617 979 637 1038 η
693 956 757 1020 343
773 953 889 1020 ἐκτῶν
903 950 1125 1040 τ’δέκαῆσαν
1141 957 1179 1021 αἱ

157 1086 253 1148 super
272 1087 293 1128 α
309 1062 349 1128 V.
368 1101 411 1110 —-
429 1064 536 1146 ἤγουν
561 1059 638 1127 δέκα
691 1060 876 1146 ἡγούμεναι
891 1061 935 1140 ὡς
948 1065 1173 1147 βελτίονες.-

156 1170 408 1255 προηγούμεναι
434 1180 502 1234 τῶν
528 1169 639 1233 ἄλλων

157 1276 197 1341 V.
230 1313 273 1323 -
308 1278 378 1362 ἰδίᾳ
401 1275 532 1341 VBGL
570 1273 640 1360 (καὶ

156 1383 225 1446 ι’ὃιά
244 1382 284 1463 V,
313 1383 382 1446 ἰδία
403 1382 471 1466 GL,
499 1382 568 1446 ι’ὃια
587 1380 638 1465 Β).

155 1491 382 1571 -ιτρωτίστη
398 1489 435 1554 V.
469 1486 525 1554 καὶ
539 1511 638 1572 κεχω-

155 1594 294 1678 ρισμένη
310 1594 352 1658 Η.
370 1632 412 1642 -
433 1596 499 1660 344
517 1592 636 1678 Ξέρξῃ]

153 1708 199 1787 τῷ
215 1701 254 1765 V,
274 1738 314 1748 —
336 1701 489 1784 γινώσκω
506 1699 577 1765 VL.
598 1738 634 1746 —

155 1808 221 1872 345
237 1810 334 1892 ἔφερε
344 1807 383 1871 V.
397 1845 433 1854 -
453 1809 490 1871 αἱ
506 1806 638 1892 ἐπαιρό-

154 1937 252 1999 μεναι
284 1911 339 1978 καὶ
374 1914 637 1998 μεγαλαυχούμε-

153 2017 637 2108 ναι(μεγαλαυόμεναιοοά.)ν.

153 2162 196 2174 -
216 2127 254 2190 αἱ
269 2127 447 2210 ταχύταται
463 2126 503 2190 Η.
530 2127 638 2209 ἤγουν

152 2244 279 2317 ταχεῖαι
292 2233 488 2318 ἡγούμεναι,
501 2235 539 2296 αἳ
551 2228 636 2316 ἦσαν

152 2350 220 2405 τῶν
243 2329 438 2423 Αἰγινητῶν
454 2338 491 2402 G.
519 2375 557 2385 -
583 2338 636 2401 τα-

151 2451 214 2531 χει]
233 2456 278 2534 τῷ
294 2446 371 2511 VH.
385 2482 429 2492 -
444 2446 509 2511 346
527 2446 635 2528 ἤγουν
689 2446 754 2511 346
770 2442 819 2526 σζ’
838 2446 875 2511 αἱ
891 2447 1036 2531 ἄρισται·
1053 2447 1074 2531 ἤ
1090 2445 1172 2532 σιὸ’,

152 2551 203 2632 σζ’
236 2553 257 2636 ἤ
290 2549 359 2618 σιὸ’
398 2549 519 2638 (ἤγουν
554 2547 628 2629 σ’ζ“
688 2553 744 2618 ἵνα
763 2543 785 2640 ᾗ
804 2555 841 2620 τὸ
862 2552 913 2631 δὶς
933 2553 968 2620 ἐκ
986 2563 1170 2620 κοινοῦ.-

152 2682 249 2744 super
278 2657 397 2724 ἑκατὸν
426 2655 478 2735 δὶς
510 2663 543 2722 et
571 2661 635 2723 σὺν

151 2787 248 2850 super
273 2763 352 2829 ἑκτά
375 2761 411 2828 θ’
435 2763 517 2849 cod.)
537 2763 576 2830 V.
594 2802 631 2812 -

124 2915 125 2920 κ
150 2873 232 2936 κατὰ
265 2880 383 2938 κοινοῦ
412 2873 450 2936 τὸ
485 2872 553 2952 δίς,
586 2869 630 2934 ἵν’

150 2969 172 3063 ᾗ
196 2981 364 3044 διακόσιαι
389 2974 436 3043 ιὸῗ
462 2978 497 3041 Β.
523 2978 634 3044 διακό-

151 3101 221 3150 σιαι
240 3078 334 3150 L.⁴-
362 3085 468 3161 οὕτως
487 3083 527 3149 Η.
547 3083 633 3149 -ὁ

150 3191 191 3255 Η·
220 3229 256 3236 -
283 3195 376 3275 νήνι
402 3192 441 3256 V·
467 3229 504 3240 -

150 3299 214 3364 347
237 3298 301 3362 ὑιτό
323 3316 385 3363 σου
405 3297 444 3364 V.
463 3335 507 3345 -
530 3299 632 3384 ταύτῃ

149 3404 189 3469 V.
238 3443 275 3452 —
327 3403 514 3488 ἡττηθῆναι
559 3405 633 3471 VG.

148 3517 358 3599 κρατηθῆναι
381 3509 459 3576 VH.
498 3549 538 3557 —
576 3510 631 3576 καὶ
