2628 3892
134 170 215 222 XXII
532 169 743 221 PRAEFATIO.

136 331 232 415 frgm.
251 331 318 396 404
451 319 453 326 ¹

233 459 358 538 Αἴγινα
382 449 413 520 d'
435 455 517 540 αὕτη
541 457 624 542 πρὸς
645 459 747 522 νότου
769 466 873 522 κεῖται
896 457 1012 539 ιινοός,

136 581 174 645 cf.
195 578 292 664 Sopb.
311 580 427 666 fragm.
447 582 511 646 872
521 579 561 646 N.

135 705 137 712 ,
181 730 238 806 τῆς
262 719 299 787 dl
322 723 442 806 γῆςτὸ
465 724 548 809 πρὸς
569 724 671 788 νότον
694 727 803 806 εἴληχε
826 723 974 830 Πόλλιος,
1025 713 1027 718 ’

136 853 236 931 Ηοιοι.Ι
252 890 273 951 ι,
292 868 334 931 26

181 1007 263 1090 αὐτὴ
289 1005 325 1072 δὲ
348 1010 503 1092 χθαμαλὴ
527 982 758 1093 πανυπερτάτη
783 1011 833 1073 εἰν
857 1005 911 1072 ἁλὶ
934 1017 1038 1072 κεῖται

132 1154 137 1168 ‹
181 1115 265 1198 πρὸς
288 1117 402 1199 ζόφον,
426 1116 463 1180 αι’
484 1114 524 1181 δέ
543 1113 572 1180 τ’
595 1117 719 1181 ἄνευθε
742 1116 825 1200 πρὸς
847 1115 896 1198 ἠῶ
919 1111 948 1178 τ’
969 1112 1083 1198 ἠέλιόν
1104 1137 1149 1180 τε.

137 1255 208 1321 Ηοο
236 1259 319 1340 πρὸς
348 1259 451 1341 ζόφον
479 1260 561 1343 expl.
584 1257 678 1324 Phot.
703 1263 735 1324 et
759 1257 874 1324 Snidas
902 1259 985 1341 πρὸς
1014 1255 1149 1340 δασμός.

206 1399 236 1446 v.
257 1379 326 1446 583
351 1384 396 1448 sic
420 1389 591 1470 corruptus
615 1387 666 1449 est
688 1384 723 1448 in
743 1383 778 1448 M
797 1379 923 1470 (τοκέες
946 1379 978 1446 δ’
998 1381 1150 1468 ἄπαιδες)

137 1487 345 1573 ἔροὸοιμόνι’
370 1487 476 1578 (ἄχη),
504 1491 539 1555 in
562 1489 742 1556 VPar.AN
770 1491 891 1576 legitur
919 1492 1053 1574 ἔρονται
1080 1489 1149 1552 δοι-

136 1593 240 1680 μόνό,
265 1598 299 1660 in
327 1595 676 1664 HGLVen.ABOant.
688 1597 815 1664 1.20x.
827 1595 1151 1662 Par.BFHKLAld.

64 1778 67 1782 ,
138 1701 219 1767 Rob.
240 1705 395 1788 ἔρραντοι
417 1703 574 1790 δαιμόνι’.
611 1705 798 1771 Adversarii
818 1704 957 1769 dixerint
976 1705 1151 1769 lectionem

138 1811 294 1895 ἔρραντοι
331 1809 474 1896 δαιμόνι’
507 1813 690 1877 coniectura
723 1835 763 1876 ex
792 1808 999 1897 ἔροδαιμόνό
1029 1811 1150 1875 factam

137 1939 219 1981 esse.
258 1916 418 2002 Equidem
440 1923 520 2003 puto
544 1942 564 1983 a
587 1920 726 1985 lectione
750 1921 886 2004 ἔρονται
910 1911 1055 2002 δαιμόνι’
1077 1939 1151 2002 pro·

137 2022 343 2088 ficisoendum
368 2047 447 2090 esse.
495 2025 584 2103 Quae
608 2048 682 2092 cum
705 2027 851 2112 proxime
875 2025 1006 2091 accedat
1025 2024 1064 2088 ad
1084 2023 1150 2090 Me·

139 2129 220 2196 dicei
253 2134 484 2217 corruptelam,
518 2134 584 2198 veri
619 2135 724 2198 simile
756 2134 883 2199 videtur
910 2133 943 2197 in
974 2131 1150 2216 archetypo

137 2258 247 2302 vocem
272 2240 409 2324 ἔρονται
432 2241 472 2304 ad
494 2263 522 2304 v.
541 2241 607 2307 583
632 2240 828 2325 adscriptam
851 2239 953 2304 fuisse
979 2276 1018 2286 —
1044 2260 1152 2303 errore

139 2365 181 2408 so.
206 2343 338 2428 librarii,
362 2347 418 2430 qui
442 2369 514 2410 eam
537 2346 649 2412 debuit
672 2347 713 2412 ad
739 2370 766 2411 v.
786 2347 853 2412 574
876 2346 1047 2430 adponere,
1075 2349 1152 2412 ante

138 2452 239 2514 verba
272 2449 366 2517 στένε
397 2450 452 2518 καὶ
485 2453 663 2537 ὃοκνόζου,
695 2455 751 2518 ubi
783 2476 868 2518 nuuc
899 2454 1016 2520 lacuna
1048 2456 1151 2537 extat3

140 2559 195 2622 sed
225 2559 309 2623 oculi
333 2583 352 2624 a
375 2560 483 2625 verbis
504 2561 661 2644 'strophae
684 2557 813 2647 οὐράνι’
836 2561 914 2646 ἄχη,
939 2584 1019 2646 quae
1039 2563 1152 2627 statim

140 2671 300 2749 secuntur,
325 2667 365 2730 ad
389 2668 487 2732 verba
511 2667 737 2752 antistrophae
763 2665 908 2753 δαιμόνι’
935 2669 998 2752 ἄχη
1023 2669 1151 2736 aberra·

139 2778 255 2838 verunt
264 2811 316 2856 -,
328 2774 468 2840 scribam
483 2779 592 2840 autem
606 2773 743 2839 Medicei
756 2797 926 2860 perperam
944 2775 1152 2860 descripsisse

140 2878 357 2966 ἔραδοιμόνό,
386 2903 459 2946 cum
486 2881 632 2966 syllabae
659 2905 734 2948 ντοι
762 2886 794 2946 et
823 2883 879 2947 ὃαι
907 2882 941 2946 in
973 2905 1074 2947 unum
1103 2905 1153 2948 co·

7 3009 13 3018 ·
141 2987 328 3053 alescerent.
374 2988 446 3054 Hoc
469 2989 497 3053 si
521 2989 704 3074 statuimus,
727 2990 762 3054 iu
780 2988 964 3056 VPar.AN
985 2989 1153 3074 archetypi

139 3094 236 3160 lectio
270 3099 400 3161 servata
432 3100 488 3161 est.
543 3096 583 3161 In
615 3097 731 3183 ceteris
763 3098 898 3181 ἔρονται
930 3098 964 3160 in
996 3099 1155 3181 ἔρραντοι

140 3205 320 3268 correctum
340 3203 507 3288 habemus,
526 3205 610 3288 quod
626 3204 730 3289 quivis
747 3203 899 3268 librarius
914 3203 1019 3269 facere
1034 3204 1153 3288 potuit.

209 3325 408 3411 Supersedeo
444 3330 563 3395 multas
600 3328 676 3394 libri
707 3329 742 3394 M
779 3329 979 3414 corruptelas
1012 3329 1151 3394 leniores

140 3455 339 3521 enumerare,
362 3458 443 3522 quae
466 3437 500 3500 in
524 3436 613 3502 codd.
633 3457 714 3502 recc.
732 3435 921 3500 emendatae
946 3440 1030 3501 sunt.
1065 3435 1152 3502 Nam

1297 915 1308 1064 l

1298 1071 1308 1100 a

1299 1146 1308 1186 ἰ’

140 3545 249 3607 utrum
273 3543 307 3607 bi
330 3544 394 3610 loci
417 3543 451 3608 in
472 3545 667 3612 recentiores
687 3546 774 3609 recte
794 3565 831 3607 ex
852 3543 1027 3628 archetypo
1046 3548 1153 3608 trans·
1232 3614 1235 3618 ,
1307 3627 1308 3636 ¹
