2642 3872
513 205 553 256 IN
571 205 603 258 V.
624 205 774 257 348-354.

135 369 304 454 ναυμαχίᾳ
327 366 367 432 V.
396 403 438 414 -
473 350 538 433 348
562 365 618 431 οὕ-

135 497 200 551 τως
229 468 268 538 V.
308 511 345 521 -
389 473 470 549 θεὸς
498 470 539 537 V.
579 507 616 520 -

137 567 295 666 στρατὸν]
319 581 378 645 τὸν
401 579 441 644 Η.
467 579 509 626 -ss

8 731 10 740 .
137 759 201 824 349
230 758 270 824 τὰ
299 759 380 840 ζυγὰ
406 757 554 841 βαρύνας
576 754 617 819 V.
673 755 738 820 349
761 755 802 820 τὰ
822 761 890 819 τῶν
910 757 1054 838 Περσῶν
1074 755 1155 837 ζυγὰ

139 902 177 912 -
190 865 338 948 βαρήνας
350 862 436 950 (sio),
451 862 619 940 ἐπικλίνας
672 863 829 946 βαρήσας.
848 898 891 908 -
912 855 1053 946 ’ῥέανῖ
1070 865 1155 926 αἴσι-

137 973 184 1048 ece
211 972 289 1047 τοὺς
309 967 472 1054 Ἕλληνας
496 969 533 1034 G.
578 969 619 1033 τὰ
673 991 738 1054 μον
761 963 849 1054 ἦμαρ
870 962 1026 1054 Ἀχααόν’
1045 964 1155 1055 (Hom.

55 1137 60 1146 .
137 1077 218 1161 ζυγὰ
246 1086 303 1160 Ιτῆς
330 1079 425 1160 νίκης
450 1075 619 1153 ἑπικλίνας
675 1074 784 1162 ww).
802 1113 840 1124 -
922 1129 923 1132 .

136 1186 184 1262 εἰς
206 1187 285 1260 τοὺς
300 1181 465 1266 Ἕλληνας
487 1183 556 1248 BL.
579 1220 617 1230 -
750 1208 752 1214 ’

138 1291 218 1374 ζυγὰ
241 1290 282 1354 Η.
311 1327 353 1336 --
388 1290 557 1367 ἐπικλίνας
579 1288 621 1353 H.

138 1434 180 1444 -
197 1396 307 1482 ὁμοίᾳ,
327 1387 381 1481 ἴδῃ
397 1395 437 1461 Η.
470 1401 524 1480 ἴσῃ
544 1392 621 1479 (ἴσω

138 1501 222 1590 eod.)
244 1503 280 1568 G.
303 1539 345 1548 -
369 1504 477 1586 ἤγουν
501 1503 622 1567 ὃνστυ-
726 1493 728 1500 ’

139 1613 194 1697 χίμ
208 1609 248 1677 V.
263 1648 305 1656 —
321 1609 387 1676 350
400 1618 458 1694 τῆς
477 1606 622 1694 Ἀθηνᾶς

139 1717 179 1782 V.
214 1753 251 1763 —
292 1716 356 1782 351
395 1718 442 1793 εἰς
478 1718 515 1780 τὸ
549 1713 622 1799 ἑξῆς

140 1821 234 1887 VGL
250 1821 312 1904 (εἰς
334 1821 447 1905 τοεξῆς
461 1820 507 1909 V)
527 1821 622 1906 μέχρι

139 1937 200 1995 τοῦ
219 1936 295 2011 νῦν,
319 1929 366 2005 εἰς
383 1929 420 1992 τὸ
441 1926 513 2012 ἑξῆς
532 1927 622 1991 ἐστιν

139 2035 181 2102 H
199 2071 236 2082 -
258 2035 324 2100 352
342 2035 512 2118 γνωμικὸν
531 2055 620 2118 prae·
675 2037 740 2102 352
761 2033 910 2112 Ἀλκαῖος
933 2033 1070 2120 “ἅνδρες
1092 2034 1156 2118 γὰρ
1292 2024 1295 2028 ’

140 2165 199 2208 ser.
223 2140 265 2206 H.
289 2178 330 2189 —-
358 2140 393 2205 οἱ
413 2141 534 2223 ἄνδρες
556 2139 619 2225 γάρ
674 2145 801 2220 πόλεως
838 2142 965 2228 πύργος
1008 2138 1156 2228 ἀρεύιος’

141 2250 226 2314 εἰσιν
241 2247 408 2332 ὀχύρωμα,
418 2249 545 2323 πόλεως
556 2247 620 2332 φύ-
675 2247 807 2338 (ἀρήϊος
821 2247 930 2335 Ἦρα).
951 2285 988 2296 -

141 2361 249 2440 λαγμα
265 2355 303 2419 V.
320 2391 359 2401 -
381 2355 517 2438 στερεὸν
531 2351 571 2418 V.
582 2391 620 2400 -

142 2462 207 2527 353
235 2459 348 2542 ναυσὶ]
378 2471 446 2525 τῶν
468 2469 561 2545 νηῶν
584 2459 622 2525 V.
653 2500 658 2510 ·

144 2606 182 2615 —
208 2569 388 2652 συμβολῆς]
413 2567 562 2652 πολέμου
583 2565 623 2632 V.

140 2683 198 2757 τῆς
221 2673 325 2758 μάχης
348 2672 389 2737 Η.
413 2710 458 2720 -
481 2673 547 2739 354
571 2671 623 2738 λέ-

143 2781 202 2860 ξον
244 2780 282 2846 V.
332 2817 371 2827 -
421 2778 476 2845 καὶ
518 2779 623 2865 ἀρχὴν

143 2887 303 2970 ἐποίησαν
325 2885 404 2954 VH.
429 2924 469 2934 —-
497 2881 560 2971 ἆρα
583 2883 623 2951 V.
671 2883 673 2888 ’

143 3020 183 3038 ’-
209 2994 326 3078 νάκνε]
346 3003 402 3078 τῆς
415 2993 456 3059 V·
479 3031 516 3041 -
542 2994 623 3076 πλή-

142 3103 211 3181 θει]
236 3103 281 3189 τῷ
296 3101 335 3166 V.
353 3137 391 3148 -
412 3097 570 3186 ἐπαρθεὶς
583 3098 622 3165 V.
691 3187 693 3190 ¹

142 3211 317 3289 θαρρήσας
361 3207 471 3273 HBG.
525 3231 622 3272 κατα-

14 3351 16 3361 .
142 3315 316 3398 θαρρήσας
330 3313 365 3379 L.
382 3351 416 3361 -
439 3317 539 3396 νεῶν]
555 3322 623 3380 τῶν

141 3419 245 3487 V,-
