2632 3878
177 170 220 235 80
606 174 763 226 SOHOLIA

243 331 308 398 229
354 333 438 399 ἀλλὰ
466 334 507 418 δὴ
536 337 579 400 σύ
607 334 624 400 6
653 345 783 418 πρῶτος
805 335 950 412 ἀκούσας
971 343 1034 401 τοῦ
1056 335 1193 422 ὀνείρου

177 437 336 517 εὐνοϊκῶς
364 442 631 523 συνεβούλευσας
659 441 899 520 ἐξιλεύσασθαι
927 442 1109 528 οὐρανίους
1135 442 1194 508 καὶ

176 550 419 631 καταχθονίους
442 549 611 632 δαίμονας.
658 548 824 634 vulgossd.

244 1081 309 1145 229
321 1103 390 1166 sqq.
437 1078 593 1160 ἐξιλεοίτο
622 1081 672 1146 δέε
702 1084 745 1146 σὺ
772 1081 845 1166 μέν,
873 1085 988 1166 φησίν,
1017 1083 1035 1148 6
1062 1094 1194 1167 πρῶτος

178 1181 323 1264 ἀκούσας
345 1195 406 1252 τοῦ
429 1187 564 1274 ὀνείρου
585 1189 755 1274 ἐκύρωσας
773 1187 828 1254 καί
847 1189 1049 1273 ἐβεβαίωσας
1067 1191 1193 1274 ταύτην

177 1295 239 1378 τὴν
266 1296 394 1379 φήμην·
425 1295 463 1359 τὸ
491 1301 596 1360 θῦσαι
625 1296 782 1378 δηλονότι
809 1307 880 1373 τοῖς
907 1301 1002 1373 θεοῖς
1024 1292 1108 1382 ὑπὲρ
1130 1307 1193 1362 τοῦ

177 1402 297 1478 παιδὸς
327 1411 389 1467 τοῦ
421 1402 503 1486 ἐμοῦ
534 1399 590 1466 καὶ
622 1412 690 1466 τῶν
722 1401 810 1486 ἐμῶν
842 1409 954 1470 ολκων.
999 1408 1072 1468 εἴθε
1102 1400 1139 1467 δέ
1170 1404 1191 1487 ἡ

152 1506 345 1586 ιέξιλέωσις
368 1510 415 1585 είς
437 1507 570 1592 ἀγαθὸν
592 1507 746 1591 ἐποβαίη.
790 1519 894 1575 ταῦτα
923 1507 974 1590 δέ,
1004 1509 1048 1586 ὡς
1075 1507 1193 1593 λέγεις,

176 1614 289 1679 πάντα
307 1617 490 1700 ποιήσομεν
512 1625 581 1691 τοῖς
603 1639 638 1680 τε
661 1622 755 1692 θεοῖς
777 1615 832 1680 καὶ
855 1627 925 1692 τοῖς
943 1616 1030 1681 κάτω
1049 1627 1191 1702 νεκροῖς,

176 1720 301 1786 ὁπόταν
324 1719 523 1805 ἀπέλθωμεν
546 1723 593 1798 είς
615 1725 694 1799 τοὺς
717 1728 829 1799 οίκους
851 1722 953 1807 ἡμῶν.

249 1884 263 1932 1
288 1878 358 2005 φμσλ
379 1879 531 1948 πρῶτοςΗ
562 1910 593 1919 -
622 1878 765 1948 διιρῶτος
784 1923 789 1935 .
810 1923 816 1934 .
836 1879 948 1949 ὀνείρου
970 1881 1056 1950 vulgo
1082 1870 1136 1934 omss
1158 1913 1191 1922 —

177 1958 192 2004 2
220 1952 285 2019 post
307 1950 464 2019 ’κύρωσαςε
492 1948 541 2004 καλ
569 1950 950 2075 εύνοϊκῶςυυνεργούλενσας
976 1951 1029 2005 Dd.
1049 1968 1082 2006 ex
1106 1950 1129 2004 Ο
1156 1984 1187 1992 -

177 2029 192 2075 5
212 2022 364 2094 ἀποβαίνοι
381 2022 467 2091 vulgo
488 2054 520 2062 -
540 2027 556 2076 6
574 2041 604 2077 τε
624 2021 723 2076 αδδιδι
742 2039 777 2076 ex

244 2257 309 2321 234
355 2261 431 2338 τῆλε
454 2257 537 2340 πρὸς
566 2257 706 2340 δυσμὰςτ
735 2255 915 2340 ἐρωτηθεὶς
938 2256 956 2322 6
981 2259 1094 2342 χορός,
1124 2265 1191 2321 ιιοῦ

178 2360 314 2446 λέγουσι
336 2365 393 2439 τὰς
412 2360 557 2445 Ἀθήνας
579 2366 752 2428 κεκτίσθαι
775 2361 830 2427 καὶ
854 2365 890 2428 ἐν
913 2366 998 2450 κοίῳ
1023 2363 1114 2448 μέρει
1134 2373 1194 2447 τῆς

176 2478 246 2552 γῆς,
270 2467 374 2553 φησὶν
405 2468 455 2533 ὅτι
483 2470 614 2552 μακρὰν
641 2472 725 2554 πρὸς
747 2471 805 2546 τὰς
828 2471 956 2552 δυσμὰς
978 2481 1046 2535 τῶν
1067 2475 1193 2553 φθινα-

178 2575 312 2660 σμάτων
335 2584 396 2640 τοῦ
418 2581 503 2640 θεοῦ
520 2570 648 2641 Ἡλίου.
687 2575 705 2641 6
720 2574 837 2653 Ἥλιος
855 2577 919 2661 γὰρ
937 2577 1027 2662 καρδι
1045 2575 1193 2659 Πέρσαις

151 2692 317 2767 ιτιμᾶται.
365 2682 610 2767 φθινασμάτων
635 2681 685 2748 δέ·
708 2693 776 2748 τῶν
799 2683 937 2767 λήξεων,
963 2693 1031 2748 τῶν
1055 2685 1192 2766 δυσμῶν

176 2790 197 2875 ἢ
220 2803 288 2856 τῶν
308 2792 437 2856 δύσεων
456 2787 476 2873 ἢ
495 2801 563 2854 τῶν
582 2790 776 2868 ἐκλείψεων·
800 2791 854 2855 ὅτε
874 2791 938 2876 γὰρ
958 2791 1032 2855 δύει
1051 2789 1068 2854 6
1088 2788 1193 2873 ἥλιος,

177 2898 327 2965 ἐκλείπει.
373 2900 475 2962 ἔνθεν
497 2895 552 2962 καὶ
575 2895 634 2977 λίψ
658 2897 675 2962 ὁ
699 2899 821 2982 ἄνεμος
845 2896 863 2962 6
887 2897 951 2962 διιὸ
976 2897 1122 2982 δυσμῶν.

250 3062 262 3108 1
285 3053 391 3125 δυσμὰς
405 3055 430 3107 Η
445 3054 511 3124 (vid.
522 3074 549 3124 p.
559 3055 644 3121 XXI),
664 3053 768 3108 lemma
786 3054 867 3108 deest
884 3054 915 3108 in
932 3055 958 3108 V
978 3085 1009 3093 —-
1031 3050 1119 3127 ἐρωτᾷ
1142 3052 1192 3108 τὸν

177 3127 262 3196 χορδν
281 3125 298 3194 ἡ
313 3123 435 3192 Ἄτοσσα,
453 3134 509 3180 κοῶ
527 3130 584 3182 κτλ.
603 3127 688 3194 atque
706 3127 768 3178 tum
786 3127 839 3179 καί
854 3143 941 3195 φησιν
959 3125 985 3179 V
1005 3157 1039 3166 -
1058 3133 1074 3178 ⁶2
1094 3131 1192 3192 κεκτῆ-

178 3201 248 3252 σθαι
261 3198 294 3262 V,
314 3195 456 3251 ἔκκτιυται
469 3197 503 3263 Η,
523 3201 692 3267 κρατεῖσθαι
705 3196 792 3265 vulgo
811 3228 845 3238 -
864 3196 913 3250 καὶ
928 3213 981 3250 om.
997 3195 1023 3249 H
1043 3227 1074 3236 „
1097 3205 1112 3250 3
1131 3202 1193 3259 ταῖς

178 3270 296 3338 δυσμαῖς
313 3268 498 3336 vulgoDd.H‚
516 3267 567 3331 τὰς
585 3268 692 3338 δυσμὰς
711 3267 734 3319 V
755 3298 789 3309 -
814 3277 871 3323 τῶν
895 3284 948 3322 om.
968 3268 994 3320 H
1023 3298 1055 3307 -
1084 3269 1191 3320 4θεοῦ

178 3357 231 3394 om.
252 3338 307 3392 VH
331 3370 362 3378 -
389 3343 479 3394 θεῶν
498 3337 612 3407 λήξεων,
630 3347 686 3394 τῶν
701 3342 813 3409 δυσμῶν
832 3336 849 3408 ἢ
869 3355 923 3395 om.
938 3338 1050 3393 DdVH
1077 3369 1110 3378 —
1139 3335 1191 3405 δὴ

177 3417 233 3465 τῶν
252 3409 359 3464 δύσεων
379 3426 432 3464 om.
452 3409 537 3480 vulgo
559 3443 589 3450 -
614 3409 676 3478 ἥτοι
696 3407 849 3478 ἐκλείψεων
869 3411 894 3463 V
914 3443 945 3451 -
966 3411 1019 3482 γὰρ
1039 3426 1093 3466 om.
1113 3409 1192 3463 Η-

61 3509 64 3516 ·
178 3481 258 3537 δύνει
276 3481 391 3550 vulgoV
415 3512 451 3522 -
478 3479 546 3535 ὅταν
569 3481 623 3552 γὰρ
647 3482 701 3536 δύν
737 3480 790 3534 Dd.
820 3513 854 3522 —
883 3480 1006 3537 ’λένθεν
1025 3523 1032 3536 .
1052 3523 1059 3538 .
1079 3482 1192 3550 δυσμῶν

178 3570 231 3608 om.
248 3552 304 3606 VH
322 3583 356 3593 -
377 3550 451 3608 ἔνθα
465 3554 559 3622 vulgo,
579 3553 650 3608 ὅθεν
665 3501 767 3622 Ρ(ἐ)ιί.)
788 3583 820 3592 -
840 3551 855 3607 6
875 3558 941 3608 ante
959 3553 1016 3608 ἀπὸ
1034 3569 1088 3608 om.
1105 3551 1188 3622 vulgo
