2642 3872
155 170 199 236 94
586 173 742 227 SOHOLIA

221 337 285 402 277
298 359 366 421 sqq.
412 335 554 402 ὀττοτολε
589 337 733 414 ἀκούσας
761 335 779 402 ὁ
805 338 904 422 χορὸς
935 345 996 402 τοῦ
1028 337 1175 419 ἀγγέλου

154 444 320 525 εἰπόντος,
350 442 401 507 ὅτι
429 445 466 508 αλ
492 442 586 508 ἀκταὶ
610 452 667 527 τῆς
690 448 883 528 Σαλαμῖνος
905 442 960 508 καὶ
983 453 1046 520 πᾶς
1069 449 1171 523 τόπος

154 553 326 636 πρόχορος
355 547 409 614 καὶ
435 552 560 628 πλατὺς
582 549 638 616 καὶ
657 550 846 636 εὐρύχωρος
864 548 1005 634 γέμουσι
1029 561 1097 616 τῶν
1119 575 1173 617 νε-

155 668 255 739 κρῶν,
285 660 382 741 φησί·
414 666 495 740 φεῦ,
518 659 558 722 τὰ
585 659 720 742 σώματα
747 661 943 741 τῶνφίλων
968 662 1112 741 Περσῶν
1133 660 1175 724 τὰ

126 783 139 824 ι
153 767 332 847 πολυβαφῆ
348 763 413 829 ὑπὸ
429 773 489 829 τοῦ
503 765 640 848 αἵματος
655 765 872 830 ἀποθανόντα
887 763 994 848 λέγεις
1008 763 1174 849 φέρεσθαι

153 869 208 936 καὶ
231 872 376 953 ἄγεσθαι
400 871 539 936 ἁλίδονα
562 870 617 936 καλ
640 872 706 937 ὑπὸ
730 881 787 957 τῆς
810 871 889 949 ἁλὸς
918 871 973 938 καὶ
1001 873 1175 956 θαλάσσης

154 979 343 1062 δονούμενα
370 977 406 1044 ἐν
429 983 605 1062 πλαγατοῖς
627 979 812 1061 ὃιπλιλκεσι,
834 990 906 1056 ταῖς
930 980 992 1044 δύο
1018 978 1119 1058 πλαξί
1132 1017 1171 1027 -

153 1093 211 1168 τῆς
228 1086 404 1169 θαλάσσης
423 1109 458 1150 τε
476 1083 531 1150 καὶ
549 1095 622 1170 γῆς·
646 1086 667 1170 ἣ
687 1086 723 1152 ἐν
737 1091 904 1169 Σαλαμῖνι
919 1084 975 1150 καὶ
990 1091 1173 1164 Πλαταιαῖς

155 1190 241 1275 -ἢ
270 1192 315 1269 ὡς
343 1190 385 1256 ἂν
414 1198 502 1258 εῖποι
528 1217 578 1270 τις
606 1195 767 1270 θιαύλοις.
813 1195 853 1258 τὰ
880 1195 944 1280 γὰρ
971 1195 1100 1278 κύματα
1123 1193 1174 1259 ἐκ-

117 1317 142 1356 10
156 1309 260 1382 χεῖται
282 1296 338 1364 καὶ
361 1299 548 1365 ὑπονοστεῖ.
595 1299 736 1364 OPVH.

242 1456 275 1509 In
298 1458 324 1510 H
347 1458 401 1511 hoe
430 1458 487 1511 sch
513 1473 576 1510 cum
599 1459 690 1511 antec.
716 1457 897 1512 coniunctum
920 1460 976 1523 θοὴ
1006 1457 1117 1527 legitur
1141 1460 1173 1514 τὸ

154 1525 186 1582 δὲ
206 1525 358 1582 ὀττοτολτοι
377 1527 524 1618 (ὀττοτοῖ
515 1545 546 1580 m
564 1530 644 1581 textu
664 1529 747 1598 HVG
771 1530 800 1582 et
823 1529 926 1583 lemma
945 1529 970 1582 Η
991 1529 1091 1584 scholii
1109 1536 1173 1600 271)

156 1630 188 1638 —
205 1604 219 1652 1
234 1598 249 1652 ὁ
264 1599 366 1724 zacher
361 1598 485 1662 ἀκούσας
495 1601 518 1652 V
528 1629 565 1640 -
584 1605 598 1652 3
613 1599 662 1652 καὶ
676 1592 783 1663 πλατνς
797 1616 850 1654 om.
864 1599 891 1652 V
906 1631 938 1640 -
954 1599 1002 1654 καλ
1017 1600 1174 1671 εὐρύχωρος

154 1724 293 1777 om.-O
313 1723 398 1794 ινρύχ
351 1681 490 1811 mongo?
480 1671 600 1792 φησλρῶν
605 1724 684 1776 Η-
703 1725 890 1812 ὅπολμβαθῆ
904 1723 938 1790 Η,
957 1725 1172 1816 πολνφραφηλ]

154 1825 188 1834 -
207 1795 264 1849 ἀπὸ
284 1796 402 1864 αἵματος
424 1815 441 1861 η
465 1795 522 1849 ἀπὸ
541 1795 645 1857 ὕδατος
662 1794 745 1848 V-
774 1793 848 1866 λέγει
866 1794 954 1848 Η-
983 1795 1032 1850 καλ
1050 1795 1173 1865 ἄγεσθαι

153 1882 206 1920 om.
225 1864 341 1922 Dd.—
374 1874 389 1921 6
414 1874 463 1935 τῆς
486 1865 552 1930 ἁλὸς
574 1866 623 1921 καὶ
642 1882 696 1920 om.
716 1865 841 1920 Dd.-
874 1866 923 1920 καλ
941 1865 1096 1936 θαλασσης
1115 1884 1170 1922 om

151 1937 265 1992 VH-
289 1940 456 2001 ’ῖπλαιιτοῖς
474 1937 611 1992 OPH-
637 1936 802 1994 διπλάκεσσι
820 1937 886 2007 Βιλ,
914 1937 1061 1993 διπλαιιεσι
1084 1938 1174 2006 ΟΡΗ,

154 2007 411 2064 διπλάιιαισιλλ-
430 2015 493 2072 ταῖς
511 2009 548 2072 ὡς
566 2007 603 2064 αν
622 2009 674 2064 δύο
693 2009 746 2063 Dd.
766 2011 893 2063 exP-
913 2015 978 2065 8τε
998 2026 1052 2064 om.
1067 2008 1124 2062 VH
1140 2043 1173 2050 -

153 2088 203 2151 τῆς
221 2101 271 2151 γης
288 2089 337 2149 τῆς
358 2082 429 2151 (ταῖς
448 2081 483 2148 V)
504 2077 535 2135 ἐν
554 2084 587 2137 Σ,
601 2080 713 2134 VH-
679 2087 793 2144 -ταις
811 2077 861 2135 Πλ.
878 2080 956 2132 Η-
976 2077 1030 2149 9ἢ
1050 2098 1104 2136 om.
1117 2081 1173 2137 Dd.

153 2182 187 2192 -
208 2154 273 2221 ελπη
292 2153 371 2206 Η-
392 2151 607 2207 &camach
619 2151 713 2221 Vulgo
733 2153 812 2206 extat
829 2151 945 2205 nihil
916 2170 973 2205 n1s1
964 2151 1074 2209 schol.
1089 2151 1173 2222 Med„

154 2223 203 2277 sed
223 2192 347 2293 ἐγχεῖται
365 2225 395 2278 et
413 2239 457 2293 ap.
476 2223 570 2279 PauW.
590 2223 756 2278 διπλανετσι
775 2225 830 2294 (ap.
844 2223 917 2278 Vicb
934 2221 1101 2292 διπλάκισι).

220 2902 284 2968 281
325 2900 480 2986 οὐδαμῶς
502 2902 565 2986 γὰρ
588 2902 682 2985 ἤρκει
704 2900 759 2968 καὶ
778 2900 914 2986 ἐβοήθει
932 2912 1003 2979 τοῖς
1023 2899 1170 2987 Πέρσαις

153 3008 193 3071 τὰ
224 3007 312 3087 τόξα.
364 3016 427 3084 πᾶς
460 3002 497 3072 δὲ
529 3009 669 3092 στρατὸς
701 3008 874 3074 ἀπώλλυτο
907 3006 1095 3093 δαμασθεὶς
1132 3007 1171 3074 ἐν

153 3116 357 3196 προσβολαῖς
384 3117 493 3192 ναῖοις
519 3111 574 3180 καὶ
603 3115 660 3180 διὰ
682 3125 775 3200 νηῶν
797 3112 1006 3199 γινομέναις,
1035 3115 1109 3198 ἤτοι
1132 3114 1170 3181 ἐν

153 3222 329 3307 ναυμαχίᾳ.
375 3220 417 3286 V.

225 3384 241 3432 2
261 3375 384 3433 ἀπόλοιο
404 3380 429 3434 V
447 3409 477 3420 -·
501 3385 517 3434 3
536 3377 699 3450 γινομέναις
717 3396 786 3436 corr.
806 3398 821 3435 e
839 3377 995 3450 γινομένων
1015 3380 1039 3434 V
