2642 3872
542 201 581 251 IN
600 201 631 254 V.
649 204 800 254 313-319.
1111 197 1173 262 107

155 401 195 410 -
220 361 298 448 περὶ
321 361 362 426 V.
386 399 429 408 -
455 362 519 444 τὴν
546 383 637 446 περι-
692 366 869 446 Σαλαμῖνα
900 362 989 444 παρὰ
1015 363 1054 428 τὸ
1078 358 1174 446 Ὁμή-

154 471 273 552 supa.-
303 466 495 555 τρέφουσαν
526 472 637 532 Σαλα-
692 491 754 552 ρου
778 467 1035 552 “αο1ντρι]ρωνό
1056 493 1091 534 τε
1114 471 1173 533 Θί-

154 588 236 659 μσυα
272 575 312 640 V.
372 576 433 658 τὴν
470 575 528 651 τὰς
565 572 638 660 (τὰς
690 573 793 657 σβην’
817 573 859 660 (Β
883 571 973 661 502)
997 611 1040 622 -

152 683 223 746 fere
259 680 407 767 evanuit)
445 682 646 766 περιστερός.

141 787 347 873 τρέφουσαν
423 785 636 872 (θρέψουσαν

155 891 241 982 eod.)
266 893 308 960 H.
340 895 402 978 τὴν
425 891 491 980 (γρ
502 891 543 980 L)
570 898 637 958 Σα-

154 1006 277 1086 λαμῖνα
309 1001 371 1085 τὴν
390 997 523 1089 (τάςζΒ)
547 1023 637 1084 περι-

150 1109 273 1193 στερὰς
319 1110 461 1192 ἔχουσαν
507 1113 636 1192 μᾶλλον

154 1202 231 1280 τῶν
245 1215 356 1280 ἄλλων
381 1214 484 1280 BGL.
506 1251 545 1262 —
568 1215 636 1280 313
692 1213 757 1278 313
770 1215 945 1298 κύρισσονι
965 1212 1171 1299 συνέκρουον

152 1322 353 1406 κυκώμενοι]
398 1324 636 1405 ταραττόμενοι
690 1320 845 1405 ἀλλήλοις
870 1318 997 1407 (ἄλλοις
1020 1344 1066 1402 m,
1090 1343 1171 1386 corr.

154 1427 194 1492 V.
213 1465 256 1474 -
276 1428 468 1512 νικώμενοι]
493 1429 635 1511 σφαττό-
690 1423 848 1515 Kirchh.).
896 1425 959 1492 ἀπὸ
983 1435 1172 1512 μεταφορᾶς

152 1558 249 1618 μενοι
278 1534 319 1600 Η.
355 1569 391 1580 -
428 1531 636 1620 συνέκρουον
689 1545 757 1600 τῶν
800 1532 931 1617 ἀλόγων
973 1531 1066 1622 ζῴων
1104 1544 1172 1598 τῶν

149 1641 310 1726 ἀλλήλοις
338 1641 377 1706 V.
426 1639 636 1726 συνέκρουον
688 1644 882 1707 τυπτόντων
895 1651 965 1718 τοῖς
976 1638 1165 1726 κέρασιν.-

153 1747 195 1812 Η.
242 1747 472 1833 προσέκρουον
509 1747 546 1813 G.
595 1783 634 1794 -

151 1855 279 1937 χθόνα]
303 1855 386 1920 κατὰ
410 1854 449 1919 V.
476 1854 560 1918 κατὰ
582 1853 636 1936 ξη-

154 1961 219 2043 ρὰν
246 1969 310 2043 γῆν
337 1961 379 2026 Η.
405 1997 443 2008 -
477 1959 544 2025 314
575 1981 636 2042 πη-

152 2069 243 2150 γαῖς]
258 2079 332 2145 ταῖς
346 2067 417 2133 VG.
433 2103 472 2114 -
495 2069 635 2146 Νείλου]

152 2183 215 2238 τοῦ
246 2173 285 2239 V.
317 2212 361 2222 -
393 2175 567 2258 γειτόνων]
599 2171 637 2237 ἐκ

154 2291 233 2364 τῶν,
255 2304 351 2367 super
370 2281 455 2366 quod
474 2276 550 2362 περὶ
569 2289 636 2344 τῶν

150 2385 304 2474 Ἀράβων
327 2389 366 2453 V.
413 2389 590 2472 γειτονῶν]
617 2386 635 2451 ὁ

152 2497 345 2578 πλησιάζων
376 2495 423 2574 Η,
469 2494 486 2560 ὁ
522 2492 560 2559 G.
593 2530 635 2540 -

149 2603 220 2668 315
242 2599 405 2687 Ἀρκτεὺς]
430 2598 484 2666 καὶ
506 2599 633 2666 6V.-
686 2600 755 2666 315
783 2607 888 2664 ταῦτα
920 2599 982 2664 οὐκ
1014 2602 1079 2684 ἔχει
1111 2602 1170 2665 τὸν

155 2731 252 2794 super
280 2707 386 2795 Ἀρκτ.
419 2712 452 2773 et
484 2701 634 2790 Ἀδεύης]
690 2705 875 2790 Αἰγύπτιον
969 2714 1168 2792 χαρακτῆρα,

153 2817 191 2881 οἱ
218 2817 311 2893 ὄντες
344 2817 500 2900 δηλονότι
523 2813 563 2877 V.
593 2851 634 2859 —
690 2813 773 2878 ἀλλὰ
791 2822 968 2898 ποιητικῶς
992 2810 1170 2878 ὃιαπέαλα-
1210 2835 1212 2839 ’

154 2924 223 2989 316
261 2924 345 3005 οἵδε]
388 2917 482 2987 οὗτοι
513 2919 552 2984 G.
602 2919 638 2985 οἵ
687 2936 772 2985 σται.
800 2958 837 2966 -

152 3023 205 3111 γ’]
238 3029 376 3112 οἵτινες,
413 3022 508 3093 οὗτοι
531 3025 570 3091 V.
592 3063 633 3074 -

151 3135 319 3220 ό<αεσον>
333 3135 374 3200 V.
402 3137 522 3200 ἔπεσον
536 3131 577 3198 H.
595 3169 632 3180 -

151 3243 219 3306 317
252 3245 505 3327 μυριόνταρχος]
537 3237 635 3306 καὶὸ

154 3347 194 3412 V.
218 3385 263 3395 -
294 3349 358 3414 318
389 3350 496 3432 ἤγουν
521 3349 635 3432 ἅρχων

153 3465 366 3539 στρατιωτῶν
390 3453 430 3520 V.
461 3491 498 3502 -
532 3455 635 3538 χιλιό-

154 3562 225 3628 ὃων
244 3559 273 3628 λ’
292 3561 331 3628 V.
353 3599 391 3609 -
418 3561 482 3627 319
504 3559 635 3646 ξανθὴν
690 3560 754 3627 319
795 3556 882 3638 τινὲς
922 3558 996 3626 ἀντὶ
1038 3567 1169 3643 γενικῆς
