2626 3870
217 1193 280 1259 143
292 1214 359 1277 sqq.
397 1186 469 1257 ἀλλ’
495 1192 554 1274 όίγε
577 1187 720 1276 Πέρσαις
748 1188 831 1255 ἀλλὰ
854 1187 947 1275 φέρε,
971 1184 997 1254 ὦ
1021 1187 1163 1274 Πέρσαι,

148 1298 334 1384 ἐνεζόμενοι
374 1295 429 1364 καὶ
465 1295 689 1382 ἐγκαθήμενοι
724 1297 772 1373 είς
807 1305 906 1362 τοῦτο
947 1295 985 1360 τὸ
1022 1294 1163 1380 ἀρχαῖον

148 1404 278 1488 στέγος,
314 1407 421 1490 ἤγουν
449 1405 505 1482 εἰς
540 1405 666 1488 ταύτην
704 1403 766 1487 τὴν
802 1402 944 1488 ἀρχαίαν
980 1401 1163 1486 καθέδραν,

134 1505 316 1597 ’φροντίδα
338 1513 530 1595 ποιήσωμεν
553 1508 609 1576 καὶ
632 1509 905 1593 βουλευσώμεθα,
929 1519 998 1586 πῶς
1022 1509 1164 1594 πράσσει

122 1617 205 1684 ικαὶ
228 1621 264 1683 τί
282 1601 371 1683 ποιεῑ
394 1618 430 1683 ἐν
449 1613 584 1682 Ἑλλάδι
607 1616 625 1682 ό
648 1615 780 1702 Ξέρξης.
813 1617 907 1700 χρεία
931 1611 968 1681 δὲ
990 1619 1164 1700 προσήκει·

147 1728 185 1791 τὸ
210 1723 250 1789 δέ
270 1722 345 1789 ἀντὶ
367 1732 428 1790 τοῦ
450 1723 523 1808 γάρ.
568 1723 588 1808 ἡ
612 1725 706 1809 χρεία
733 1724 797 1807 γὰρ
820 1730 990 1808 προσῆκον
1012 1732 1103 1788 ποιεῖ
1124 1723 1163 1788 τὸ

147 1831 380 1915 βουλεύεσθαι.

220 1994 234 2042 1
256 1987 342 2059 φέραι
365 1989 404 2058 Η,
428 1985 527 2059 φέρετε
546 1986 573 2041 V
601 2018 633 2028 -
667 1993 683 2041 2
702 1986 863 2058 καθήμενοι
881 1987 915 2055 V,
934 1982 1096 2057 δνεζόμεναι
1115 1986 1165 2040 καλ

147 2060 312 2131 καθήμεναι
330 2061 356 2114 Η
380 2092 412 2101 -
437 2068 453 2115 3
473 2057 622 2129 καθέδραν
646 2075 700 2114 om.
720 2057 745 2112 V
765 2090 798 2100 -
827 2065 845 2112 4
866 2060 1060 2183 φροντίσωμεν
1077 2053 1164 2112 Βδ.Ἠ

146 2131 233 2202 vulgo
253 2163 286 2174 —
306 2137 323 2186 5
342 2130 357 2187 δ
377 2129 474 2202 ξὲρξης
493 2127 524 2186 ἐν
544 2123 639 2186 ἕλλοίδι
657 2129 682 2184 V
702 2161 735 2170 -
755 2136 771 2182 6
789 2147 842 2200 pro
860 2130 892 2184 τὸ
907 2127 940 2185 δέ
954 2130 1007 2186 όιντ
1031 2137 1081 2184 τοῦ
1095 2127 1163 2200 γάρε

146 2200 290 2259 τουτέστιν
309 2203 364 2256 VH
383 2234 417 2244 —
436 2202 454 2272 ἡ
474 2208 554 2272 χρεία
572 2199 604 2256 δὲ
623 2201 650 2254 H
669 2233 702 2242 —
722 2198 763 2264 εἰς
780 2201 811 2256 τδ
830 2200 856 2255 V

218 2383 280 2448 148
326 2384 364 2448 τὸ
387 2382 624 2466 πατρωνύμιον
653 2379 763 2464 γένοςι
790 2382 864 2463 ἤτοι
893 2381 910 2446 ὁ
934 2381 1016 2446 κατὰ
1039 2379 1165 2466 πατέρα

148 2489 313 2572 συγγενὴς
345 2488 439 2572 ἡμῖν·
470 2486 643 2553 τουτέστιν
675 2486 693 2551 ό
727 2485 763 2551 ἐκ
790 2489 960 2570 προγόνου
995 2489 1164 2571 ίθαγενής.

220 2645 268 2700 Βὶε
291 2644 346 2700 hoo
370 2643 582 2712 soh.s01·iptum
608 2643 704 2698 estin
722 2642 762 2697 H:
791 2646 819 2699 et
838 2645 912 2699 inter
931 2646 1025 2699 cetera
1048 2643 1164 2713 scholia,

149 2734 222 2786 quae
241 2719 307 2787 post
324 2717 433 2787 partem
453 2715 596 2785 quandam
613 2715 708 2769 textus
726 2716 833 2770 inserta
847 2717 921 2784 sunt,
941 2720 970 2771 et
983 2717 1013 2769 in
1026 2715 1164 2787 margine.

148 2789 181 2842 In
200 2788 249 2842 illo
270 2789 328 2843 sch.
344 2786 381 2842 ad
399 2784 480 2857 γένος
494 2785 558 2841 αδδ.
575 2787 618 2841 est
632 2783 776 2856 ἁμέτερον,
795 2786 824 2842 in
838 2787 892 2843 hoc
907 2787 1047 2842 consentit
1060 2789 1166 2872 lemmg.

149 2930 213 2967 cum
232 2913 308 2983 vulg.
329 2914 358 2967 ολ
375 2911 442 2966 Dd.:
461 2911 492 2966 τδ
511 2910 710 2981 πατρονόμων
728 2908 816 2981 γένος.
845 2910 917 2965 Tum
937 2908 1073 2980 ἢδκατδι
1090 2879 1166 2982 τιροιισ

147 3001 237 3052 marg.
256 2983 283 3036 H
301 3014 336 3024 -
355 2982 470 3037 Lemma
484 2982 508 3036 V
522 2983 575 3038 hoo
594 2983 650 3037 est:
666 2980 862 3053 Δαρειογενής,
880 2985 941 3036 tum
960 2982 974 3037 ὁ
993 2983 1067 3037 κατὰ
1085 2982 1111 3037 V
1130 3014 1163 3023 -

148 3061 164 3109 2
183 3053 331 3124 προγόνων
345 3053 478 3108 Viet.1)d.
498 3085 531 3094 -
552 3054 619 3122 post
637 3051 774 3123 ἰθαγενὴς
791 3054 861 3108 haee
880 3053 911 3106 in
924 3053 962 3108 V:
982 3051 1011 3108 οί
1023 3051 1074 3123 μὲν
1089 3051 1165 3123 Πέρ-

147 3143 195 3180 σαι
214 3124 327 3192 τοξόται
346 3123 375 3180 οί
392 3123 423 3180 δὲ
440 3123 585 3195 Ἀθηναῖοι
603 3124 774 3196 λογχηφόροι
787 3123 863 3194 (vide
883 3142 923 3194 sq.
944 3123 1042 3194 schol.)

220 3323 282 3388 150
327 3325 469 3410 πότερον
496 3323 595 3403 τόξου
624 3322 713 3408 ῥῦμα
738 3324 776 3388 τὸ
799 3332 917 3387 νικῶνι
944 3316 1024 3408 ἄρα,
1048 3325 1164 3407 φησίν,

223 3487 256 3622 ἒ)
271 3479 327 3550 όλρα
359 3480 398 3549 Η,
435 3480 499 3551 όλρτι
530 3480 564 3547 V,
605 3477 726 3550 πότερον
759 3479 816 3549 ἄρα
847 3477 933 3548 vulgo
943 3479 997 3536 Dd.
1034 3478 1165 3550 (πότερον

146 3567 204 3606 om.
277 3583 308 3592 —
