2628 3892
10 249 25 354 l

591 233 802 286 PRAEFATIO.
1151 231 1202 282 'LV

188 397 330 481 scripsit:
355 398 477 480 ἔκραζε,
497 391 664 479 φησί,καί
683 392 805 477 ἐφώνει
824 415 883 478 pro
902 392 1010 477 κράζε,
1029 395 1121 479 φησί,
1145 390 1201 458 καὶ

185 503 299 589 φώνει.
353 502 438 568 Item
470 503 655 586 corruptela
687 502 731 587 gl.
754 501 785 566 V
812 501 887 585 817,
919 523 983 585 qua
1016 499 1107 578 αὔξει
1140 522 1201 584 pro

186 608 321 688 αὔξεται
344 613 442 692 extat,
464 610 498 674 in
519 608 587 674 sch.
605 627 710 692 marg.
728 611 861 693 recepta
883 611 943 673 est.

251 715 457 802 Compluries
485 715 684 800 glossemata
711 714 880 798 leguntur,
908 735 990 799 quae
1019 713 1201 798 quodcum

187 821 243 888 καὶ
262 823 434 888 coniuncta
451 825 536 904 sunt,
555 842 629 886 curn
648 821 781 886 scholiis
799 819 990 904 Byzantinis
1009 825 1201 906 congruunt.

187 929 287 994 Velut
318 929 490 1013 utrobique
524 929 565 994 ad
593 951 623 993 v.
647 928 713 992 644
740 923 888 992 καὶτῶν
914 937 1055 1012 νεκρῶν,
1083 950 1111 991 v.
1136 929 1201 994 632

186 1033 241 1100 καὶ
273 1030 300 1100 ὦ
332 1034 511 1117 Πλαύτων,
532 1057 574 1099 ἰ.
598 1033 664 1099 635
699 1030 755 1098 καὶ
792 1031 958 1114 ἐπέκεινα,
992 1055 1019 1098 v.
1048 1033 1115 1098 425
1146 1031 1201 1098 καὶ

185 1142 331 1218 ἀτάκτως
364 1143 555 1206 adnotatum
585 1146 645 1205 est.
699 1139 806 1204 Facile
844 1139 1018 1204 credideris
1050 1140 1129 1206 haec
1163 1164 1201 1206 ex

186 1249 252 1312 illis
288 1249 409 1312 hausta
445 1268 527 1314 esse.
578 1247 624 1311 At
659 1247 868 1311 inveniuntur
899 1247 1012 1312 eadem
1045 1248 1202 1334 exempla,

186 1357 304 1440 quibus
337 1353 459 1419 similia
485 1375 551 1418 non
588 1353 747 1436 praebent
781 1353 847 1418 sch.
879 1375 981 1439 marg.
1025 1351 1127 1418 Velut
1158 1356 1201 1440 gl.

186 1462 219 1527 V
240 1463 304 1527 130
328 1464 378 1526 est
400 1457 455 1526 καὶ
480 1461 612 1536 ίκκικὸς
631 1456 677 1546 (Α
694 1467 758 1536 πῶς
775 1459 840 1542 γὰρ
860 1455 1014 1548 inaraba),
1033 1461 1076 1544 gl.
1091 1460 1121 1524 V
1136 1462 1199 1526 201

176 1568 241 1642 ,καὶ
264 1565 334 1634 ἐπεὶ
353 1564 480 1654 (solum
504 1563 575 1632 ἐπεὶ
598 1565 673 1651 GL,
703 1567 734 1630 A
757 1563 827 1630 ἐπεὶ
851 1561 916 1650 dh),
944 1567 989 1651 gl.
1007 1566 1038 1632 V
1057 1568 1122 1632 221
1146 1565 1202 1633 καὶ

185 1678 282 1742 αἰτοῦ
301 1675 422 1761 (solnm
442 1675 538 1738 αἰτοῦ
553 1671 590 1754 G,
609 1672 693 1736 nihil
711 1673 744 1736 in
765 1671 819 1760 A),
837 1673 880 1758 gl.
899 1671 930 1737 V
950 1674 1015 1739 312
1033 1671 1088 1740 καὶ
1107 1669 1202 1741 οὗτοι

185 1780 307 1870 (solum
331 1773 426 1847 αὗται
450 1779 488 1862 G,
512 1773 607 1844 οὗτοι
629 1779 664 1844 in
687 1780 783 1844 initio
808 1780 925 1846 scholii
944 1777 999 1868 A),
1023 1782 1066 1866 gl.
1085 1779 1116 1846 V
1135 1784 1202 1850 324

186 1887 241 1954 καὶ
263 1900 367 1953 κινῶν
391 1885 513 1975 (solum
531 1895 636 1952 κινῶν
655 1885 693 1972 G,
716 1886 798 1951 nihil
818 1887 852 1950 in
869 1884 925 1972 A),
948 1888 992 1972 gl.
1011 1887 1042 1952 V
1061 1890 1125 1954 347
1145 1887 1201 1954 nul

176 1997 353 2081 ’ναυμαχίᾳ
377 1992 422 2079 (A
445 1995 518 2076 ἤτοι
541 2001 580 2078 τῇ
604 1989 795 2080 ναυμαχίᾳ).

254 2190 316 2257 Sed
338 2190 404 2254 iam
429 2187 508 2253 satis
532 2189 635 2254 multa
659 2188 697 2252 de
721 2186 929 2274 glossematis
953 2188 1081 2272 spuriis.
1122 2188 1200 2255 For-

175 2275 273 2363 tasse
293 2296 460 2380 archetypi
478 2296 588 2381 imago
603 2317 641 2360 eo
656 2295 775 2361 certius
790 2295 989 2378 restituetur,
1008 2317 1071 2379 quo
1091 2297 1200 2380 plures

186 2405 289 2470 libros
320 2403 457 2468 collatos
485 2401 687 2467 habebimus.
732 2399 794 2465 Est
823 2422 900 2465 sane
924 2401 1017 2466 labor
1039 2401 1200 2488 spinosus.

186 2509 357 2576 Nonnemo
380 2508 527 2594 profecto
550 2507 778 2572 reformidabit
800 2507 984 2593 rubiginem
1004 2509 1200 2576 scholiorum

186 2617 416 2700 doctrinaeque
431 2615 728 2699 grammaticorum.
751 2613 902 2679 Fortasse
918 2615 1017 2680 etiam
1032 2615 1065 2678 in
1081 2635 1201 2700 genera

185 2724 312 2789 codices
345 2723 527 2788 describere
563 2721 684 2786 licebit.
740 2718 835 2786 Certe
871 2721 906 2784 in
942 2725 1108 2804 posterum
1145 2725 1201 2808 qui

54 2821 58 2832 ’
178 2829 343 2914 Aeschyli
362 2829 468 2894 Prom.
486 2825 574 2912 Sept.
588 2827 675 2892 Pers.
693 2827 823 2892 fabulas
843 2827 1012 2894 emendare
1026 2829 1138 2893 volent
1159 2866 1197 2877 -

186 2959 262 3002 nam
295 2936 334 3000 de
366 2934 554 3000 Promethei
586 2939 619 2998 et
650 2934 782 3018 Septem
815 2933 934 2998 fabulis
967 2934 1102 3000 eandem
1130 2957 1200 3001 rem

186 3047 282 3126 atque
312 3043 349 3107 de
372 3041 482 3119 Persis
506 3041 603 3106 facile
627 3049 677 3106 est
700 3041 924 3106 demonstrare
946 3078 999 3126 -,
1021 3063 1209 3127 numquam¹

186 3148 232 3213 eis
268 3149 461 3234 neglegendi
499 3151 594 3214 erunt
630 3149 825 3212 recentiores
862 3148 997 3214 eodices.
1055 3147 1199 3225 Quorum

185 3256 294 3318 textus
310 3277 402 3318 suum
416 3254 538 3318 habeut
556 3255 707 3338 pretinm.
745 3251 950 3319 Glossemata
969 3258 1077 3320 autem
1097 3250 1201 3320 multa

185 3348 446 3448 antiquissimam
461 3365 710 3445 repraesentant
728 3361 929 3426 memoriam.
960 3359 1074 3446 Neque
1092 3361 1200 3426 minus

185 3491 202 3534 e
236 3467 368 3534 scholiis
401 3464 607 3554 Byzantinis,
642 3465 817 3532 dummodo
849 3472 942 3534 caute
977 3467 1201 3554 adhibeantur,

184 3580 292 3643 textus
316 3572 518 3657 Aeschyleus
542 3575 704 3639 emendari
728 3576 848 3658 potest.

574 3755 838 3782 ——aov-——-.
