2642 3872
515 181 554 231 m
573 180 604 233 v.
624 183 774 233 οτι-νει.
1108 179 1152 243 95

137 341 201 405 277
227 349 293 423 φεῦ
315 339 392 404 VH.
416 377 458 386 —-
487 341 552 406 278
578 349 618 425 τῇ

136 446 291 532 θαλάσση
322 449 554 530 ταρασσόμενα
577 447 618 513 V.

137 553 177 617 τά
211 552 248 618 ἐν
279 560 319 637 τῇ
349 551 403 618 ἁλὶ
434 557 618 638 συστρεφό-

138 682 221 742 μενα
244 659 285 725 Η.
325 658 362 724 ἐν
385 657 440 725 άλὶ
462 664 618 744 ταραττό-

138 790 221 850 μενα
245 765 282 831 G.
329 767 366 833 ἐν
395 775 435 852 τῇ
463 767 619 854 θαλάσσῃ

139 875 307 958 φερόμενα
323 872 392 937 BL.
411 909 456 920 —
474 873 539 939 ὑπὸ
557 885 619 940 τοῦ

138 980 274 1063 αἳματος
292 978 483 1064 βεβαμμένα
496 979 536 1044 V.
554 980 619 1045 ὑπὸ

138 1086 275 1170 αἵματος
289 1086 339 1152 G..
351 1085 384 1164 ἐξ
403 1086 540 1170 αἵματος
552 1088 619 1154 BL.

141 1229 178 1241 -
204 1193 269 1259 279
290 1191 506 1258 ἀποθανόντα
520 1193 561 1260 Η.
576 1231 619 1242 —-

137 1310 209 1377 ταῖς
234 1299 295 1364 δύο
316 1297 414 1377 πλαξὶ
428 1299 467 1364 V.
487 1337 529 1347 —
549 1313 620 1378 τοῖς

137 1408 260 1492 κύμασι
282 1415 352 1483 τοῖς
376 1407 500 1485 ὃιπλῶς
520 1431 618 1492 φερο-

137 1513 250 1598 μένοις
269 1511 497 1601 (κινουμένοις
511 1515 548 1597 G,
564 1515 619 1580 sed

138 1622 209 1686 vide
233 1623 299 1686 sch.
318 1621 345 1685 B
366 1620 416 1705 ap.
436 1620 512 1708 Dd.)
532 1624 618 1687 ἔνθα

137 1725 193 1794 καλ
226 1730 311 1794 ἔνθα
343 1727 363 1812 ἢ
393 1736 433 1811 τῇ
462 1728 617 1814 θαλάσση

136 1833 193 1900 καὶ
216 1843 266 1921 (τῇ
290 1835 359 1900 add.
378 1831 422 1921 G)
446 1842 488 1918 γῇ
512 1834 557 1910 ὡς
575 1833 617 1900 άν

137 1949 225 2008 εῖποι
245 1939 334 2029 (εῖπη
353 1939 394 2026 L)
413 1963 463 2016 τις
481 1940 563 2026 (τοῖς
573 1937 616 2028 G)

138 2049 300 2126 θιαύλοις·
332 2048 373 2112 τά
400 2049 463 2132 γάρ
489 2048 617 2132 κύματα

137 2158 278 2241 ἐκχεῖται
328 2151 383 2218 καὶ
430 2153 616 2220 ὑπονοστεῖ.

137 2265 259 2340 άλλως·
301 2271 372 2338 ταῖς
409 2262 471 2326 δύο
508 2261 616 2344 πλαξί,

136 2378 194 2454 της
220 2367 393 2451 θαλάσσης
419 2365 475 2433 καὶ
497 2377 569 2452 γῆς·
596 2368 617 2453 ἦ

137 2475 175 2542 ἐν
199 2477 371 2559 Σαλαμῖνά
390 2497 424 2540 τε
447 2473 502 2540 καὶ
526 2479 618 2540 Πλα-

136 2592 244 2658 ταιαῖς
268 2579 391 2666 (άλλως
408 2586 475 2646 ιιτλ.
496 2604 558 2646 om.
575 2581 618 2670 G)

137 2687 314 2774 marg.GL.
342 2724 379 2734 -

137 2902 202 2967 281
228 2900 365 2986 ἐβοήθει
387 2897 517 2966 VBGL
546 2901 618 2986 (άρ-

136 3009 214 3074 μετὰ
237 3004 280 3092 ἦν
304 3009 374 3073 add.
398 3007 469 3091 BG,
500 3005 620 3090 άρκετά

137 3115 209 3180 add.
229 3114 277 3202 L).
297 3151 339 3160 -
365 3113 499 3198 ἐφθάρη
518 3114 559 3178 Η.
580 3151 617 3161 -

138 3223 204 3289 282
227 3231 399 3298 ναυτικαῖς
416 3221 562 3286 VHGL.
577 3259 619 3269 -

137 3332 355 3414 προσβολαῖς,
398 3328 620 3413 σνγκρούσεσι

137 3434 175 3501 G.
200 3436 444 3520 συγκρούσεσιν
461 3435 495 3499 L.
518 3451 619 3520 προσ-

673 342 738 408 278
766 341 832 407 ὑπὸ
854 350 915 407 τοῦ
942 341 1088 424 αἵματος,
1119 342 1152 405 in

673 469 775 534 marg.
793 450 824 514 h.
838 473 868 514 v.
888 448 1085 532 adscriptum
1110 449 1126 526 ζ
1145 497 1153 512 .

673 559 881 622 ΑΛΙΔΟΝΙ
896 556 917 622 i.
933 577 958 619 e.
975 556 1059 638 ζήτει
1083 553 1153 618 άλι-

674 664 765 727 βάνα.
789 699 824 710 -

672 1728 738 1795 280
747 1732 937 1812 πλαγκτοῖς.Ι
952 1727 996 1804 ὡς
1011 1726 1053 1792 άν
1065 1732 1152 1792 εἴποι

671 1858 720 1912 τις
744 1836 901 1913 βιαύλοις.
943 1835 984 1899 τά
1009 1835 1072 1917 γάρ
1095 1835 1153 1899 νύ-

671 1964 756 2026 ματα
797 1941 939 2026 ἐκχεῖται
979 1937 1035 2006 καὶ
1071 1940 1152 2005 ὑπο-

670 2060 790 2113 νοστεῖ.
826 2048 998 2113 βιπλάκεσι
1021 2043 1059 2113 δὲ
1081 2057 1153 2124 ταῖς

672 2154 734 2220 δύο
757 2154 871 2237 πλαξί,
898 2164 955 2238 τῆς
979 2153 1154 2238 θαλάσσης

671 2284 706 2326 τε
732 2259 789 2327 καὶ
816 2272 883 2346 γῆς.
929 2261 949 2346 ἢ
979 2261 1015 2327 ἐν
1042 2266 1153 2328 Σαλα-

671 2379 742 2453 μῖνι
766 2367 821 2434 καὶ
846 2373 1037 2446 Πλαταιαῖς.
1059 2407 1096 2416 -

674 3220 739 3286 282
762 3217 836 3283 ἀντὶ
863 3227 924 3284 τοῦ
950 3221 1154 3305 προσβολαῖς

674 3323 755 3414 (ελ)
774 3362 819 3374 -
