2652 3866
149 245 215 310 236
580 249 737 300 SCHOLIA

149 407 204 474 καὶ
243 407 434 474 ἐκεύθανον
470 411 576 493 ἤγουν
613 411 695 475 κατδι
731 411 768 476 τὸ
802 398 889 475 εὑθὺ
922 408 1078 492 έξήγοντο
1112 408 1167 475 καί

123 514 376 588 εέπλατύνοντο
399 517 507 581 πάντα
529 517 569 581 τά
592 519 716 601 νόμιμα
739 513 796 582 καὶ
813 518 915 600 ἔθιμα
933 527 1001 581 τῶν
1020 538 1166 600 πυργου-

150 621 261 707 μένων
288 620 343 688 καὶ
369 621 621 707 τετειχισμένον
647 625 791 689 πόλεων·
824 621 879 688 καὶ
907 622 1060 706 ὁρμῶμεν
1084 625 1169 688 κατά

149 731 189 793 τδι
221 726 443 814 νενομισμένα
472 731 535 812 ἔθη
561 741 633 806 ταῖς
660 732 777 795 πόλεσι
802 741 875 806 ταῖς
901 728 1168 815 πορθουμένοις,

151 836 192 900 οὐ
220 835 338 920 τεμένη
368 842 592 922 πορθοῦντες,
626 835 667 901 οὐ
699 837 828 920 τάφους
859 835 1088 918 ἀνασπῶντες,
1122 837 1170 913 ὡς

150 940 274 1026 Ξέρξης
309 944 475 1027 τολμήσας
511 941 654 1025 ἐποίησε.
702 940 831 1026 λέγεται
864 939 899 1006 δὲ
932 941 987 1006 καὶ
1020 943 1167 1026 πύργινα

111 1073 137 1113 10
151 1052 274 1134 νόμιμα
310 1051 351 1114 τά
386 1059 579 1134 πυργοῦντα
616 1047 670 1114 καὶ
708 1060 916 1114 συνιστῶντα
951 1049 1010 1140 τδις
1046 1053 1170 1126 πόλεις.

151 1157 271 1232 άλλως·
294 1157 486 1239 περιβόητοι
509 1150 593 1239 ἦμεν
617 1153 653 1220 ἐκ
673 1153 820 1239 πολέμου
845 1164 1015 1239 πανταχοῦ
1033 1157 1168 1241 τροπαι-

152 1271 339 1346 ουχοῦυτες.
377 1261 413 1326 oc
434 1257 471 1326 δὲ
495 1261 705 1345 δημωφελεῖς
729 1262 828 1346 δῆμοι
851 1263 958 1326 πάντα
981 1263 1021 1327 τὰ
1044 1265 1170 1346 νόμιμα

152 1369 392 1436 ἐπολιτεύοντο.
439 1367 644 1454 vulgoDdV.
726 1361 729 1366 ’

152 1517 168 1564 4
188 1509 237 1564 καὶ
254 1526 305 1578 pro
323 1507 412 1579 ἤγουν
426 1509 452 1563 V
471 1539 504 1549 —
529 1505 653 1572 εῦθὲςῑί
673 1539 706 1548 -
731 1507 815 1562 ὁκαὶ
835 1505 923 1578 ἔθιμα
942 1507 1040 1562 addidi
1060 1525 1075 1562 e
1093 1508 1119 1559 V
1133 1539 1170 1548 —

151 1577 355 1651 πυργοομένων
374 1595 389 1633 ο
408 1577 592 1650 ποργομένον
610 1596 679 1634 corr.
694 1580 720 1634 V
735 1595 769 1620 ’-
789 1585 804 1633 6
824 1579 959 1650 ὡρμῶμεν
973 1579 1117 1647 vulgoDd.
1134 1611 1167 1618 -

153 1660 167 1707 7
187 1651 247 1722 ἥθη
261 1660 317 1706 τῶν
331 1650 440 1706 πόλεων
453 1651 489 1706 τδι
502 1648 603 1721 τεμένη
617 1654 803 1722 πορθοῦντες,
817 1652 882 1713 τοὺς
895 1649 1004 1718 τάφους
1018 1651 1169 1705 ἀνασπῶν-

151 1725 235 1786 τεςλί
254 1755 286 1762 -
307 1728 323 1777 8
342 1721 391 1776 καὶ
409 1720 518 1792 τάφους
531 1721 619 1790 vulgo
643 1753 677 1762 -
701 1727 717 1774 9
737 1717 868 1791 ἐτόλμησε
886 1729 1004 1790 ποιῆσαι
1022 1722 1168 1788 vulgoDd.

153 1826 186 1835 —
208 1801 240 1848 ll
259 1794 346 1848 verba
363 1791 431 1847 inde
445 1793 481 1846 ab
500 1792 588 1855 άλλως
606 1791 705 1846 addidi
718 1809 734 1847 e
749 1792 788 1858 V;
817 1792 870 1848 Dd.
893 1793 981 1848 verba
1005 1791 1172 1865 περιβόητοι

152 1859 223 1935 ἦμεν
242 1880 266 1920 ο.
281 1882 308 1933 q.
324 1883 345 1919 ε.
359 1863 442 1919 initio
461 1863 544 1918 huius
563 1864 651 1919 schol.
665 1861 831 1933 praeposuit
849 1881 883 1918 ex
902 1862 924 1919 0
939 1895 974 1904 —
990 1861 1120 1934 πολέμων
1134 1864 1170 1932 V,

152 1935 275 2007 πολέμου
294 1936 316 1990 0
337 1967 370 1976 -
389 1943 623 2005 τροπαιοχοῦντες
636 1935 662 1989 V
674 1967 711 1976 -
731 1941 763 1990 12
783 1932 824 1997 είς
840 1933 935 1990 πάντα
949 1935 974 1988 V

220 2116 285 2182 866
331 2115 433 2192 ὅσσας
466 2113 496 2181 δ’
529 2107 594 2180 εἷλε
626 2118 751 2192 πόλεις;
792 2124 891 2181 τοῦτο
928 2121 1167 2200 θαυμαστικῶς

152 2240 271 2309 φησιν,
309 2222 360 2287 ὅτι
392 2231 432 2307 τῇ
466 2221 565 2308 ἀρετῇ
594 2219 759 2305 Ἕλληνας
790 2219 966 2305 ὑπέταξεν,
1004 2217 1076 2287 ἀλλ’
1108 2223 1171 2288 οὐκ

153 2329 281 2414 ἀνάγκη
305 2328 323 2394 δ
347 2334 500 2415 Δαρεῖος.
546 2329 645 2415 vulgo
653 2327 754 2394 Dd.V.

226 2475 239 2522 1
260 2467 328 2530 ὅσας
344 2467 424 2523 Dd.V
445 2499 477 2507 -—
503 2474 518 2521 2
537 2475 571 2538 τῇ
590 2467 676 2535 vulgo
695 2485 748 2523 om.
763 2499 796 2510 -
816 2465 937 2534 ὑπέταξε
956 2473 1085 2536 Δαρεῖος,
1105 2465 1169 2522 ἀλλ’

153 2539 205 2594 οὑκ
224 2538 335 2610 ἀνάγκη
353 2539 439 2606 vulgo
447 2538 512 2602 Dd.;
531 2535 679 2608 ὑπέταξεν,
698 2535 759 2593 ἀλλ’
776 2539 828 2594 οῦκ
847 2537 883 2593 διν
903 2538 956 2594 είσι
970 2547 1052 2608 νῆσοι
1066 2537 1125 2594 οἷαι
1139 2540 1169 2593 εὑ

153 2613 214 2664 ’τοτα
234 2613 320 2665 verba
338 2609 425 2666 schol.
440 2627 466 2664 v.
482 2615 534 2664 870
551 2611 571 2664 V

221 2755 285 2822 869
309 2741 512 2841 σκληροτέρα
529 2755 550 2839 ἡ
571 2756 759 2840 συναλοιφη
778 2752 961 2840 ποταμοῦδ
979 2752 1035 2840 ἀφ’
1050 2753 1170 2839 ἑστίας,

156 2855 230 2927 οἷόν
254 2861 323 2928 ἐστι
345 2863 383 2926 τὸ
406 2871 467 2927 τοῦ
490 2860 585 2926 ἕνεκα
608 2861 758 2926 τοῦνεκα.
802 2861 968 2946 vulgoDd.

224 3000 306 3053 ExP
331 3000 384 3054 Dd.
400 2998 494 3054 affert:
522 3000 553 3054 τὸ
576 2997 683 3055 τέλειον
706 2993 741 3068 ἦν
763 3008 897 3071 ποταμοῦ
912 2995 976 3055 οὐδ’
992 2995 1046 3069 ἀφ’
1063 2994 1168 3064 ἕστίας·

153 3067 207 3126 ὧδε
233 3069 265 3126 δὲ
293 3067 480 3144 ἐκβληθέντος
503 3078 554 3126 τοῦ
579 3092 596 3125 ν
622 3070 671 3125 καὶ
696 3069 855 3140 κραθέντος
876 3079 926 3126 τοῦ
950 3091 965 3126 ο
988 3071 1036 3124 καὶ
1060 3079 1110 3141 τῆς
1133 3091 1167 3126 ον

153 3141 315 3213 διφθόγγου
330 3141 371 3205 είς
384 3141 436 3212 τὴν
451 3162 485 3197 ου
499 3143 669 3212 δίφθογγον,
683 3140 787 3212 ποτάμ’
804 3139 867 3198 οὐδ’
884 3139 938 3211 άφ’
955 3139 1048 3205 ἑστίας
1061 3145 1170 3212 γίνεται

153 3215 352 3287 ὑπερβιβασμῷ
370 3222 420 3268 τοῦ
438 3213 532 3282 τόνον,
554 3213 591 3275 ὡς
609 3213 707 3268 καὶτὸ
726 3223 775 3269 τοῦ
796 3213 878 3269 ἕνεκα
896 3213 1026 3269 τοὺνεκα.

221 3395 287 3458 870
332 3385 400 3458 οἷαι
439 3397 655 3478 Στρυμονίου
692 3394 867 3477 πελάγουςτ
907 3385 980 3459 οἷαί
1013 3395 1098 3459 εἰσιν
1135 3395 1173 3459 αί

227 3555 240 3602 1
261 3549 290 3602 οὑ
309 3554 325 3602 2
345 3546 500 3620 στρυμόνον
515 3550 540 3605 V
555 3579 588 3591 -
