2628 3892
144 197 288 248 XXXVIII
548 193 758 245 PRAEFATIO.

143 355 220 443 περὶ
242 357 283 422 τά
306 357 412 440 στήθη
436 358 567 431 πλατεῖς
593 353 735 438 ἱμάντες,
759 344 810 430 οἷς
833 351 1099 435 άναδεσμοῦνται
1124 351 1161 417 οἱ

144 464 303 548 τράχηλοι
330 473 397 526 τῶν
425 461 535 526 ἵππων
563 462 646 546 πρὸς
672 461 732 526 τὸν
761 462 868 544 ζυγόν.
911 458 1161 543 έτυμολογείται
1294 509 1295 512 ¹

146 567 183 634 δὲ
206 569 270 635 άπὸ
293 577 354 634 τοῦ
376 569 464 633 λέπει
491 569 529 632 τὸ
558 569 691 651 λεπίζω,
720 564 866 632 λέπανον
895 563 951 630 καὶ
980 563 1160 631 λέπαδνον.

144 674 233 753 τινές
257 673 294 741 δέ
317 674 464 741 λέπαδνα
486 677 565 752 τοὺς
587 673 852 758 μασχαλιστῆρας
875 690 966 757 φασι.

212 783 252 850 cf.
271 783 425 868 Hesychii
449 781 596 868 glossam
618 779 766 846 λέπαδνα
790 780 922 864 ἱμάντες
945 784 1087 862 πλατεῖς,
1111 770 1162 864 οἱς

143 889 343 956 ἀναδέονται
374 889 410 954 οἱ
433 888 591 973 τράχηλοι
617 898 685 951 τῶν
712 888 823 952 ἵππιον
839 887 935 970 πρὸς
961 887 1021 952 τὸν
1050 887 1159 969 ζυγόν.

212 997 313 1062 schol.
331 994 447 1061 Vanet.
471 995 511 1059 ad
534 999 572 1058 Ε·
584 993 661 1058 729:
692 992 838 1059 λέπαδνα
861 997 994 1069 πλατεῖς
1018 991 1162 1076 ἱμάντες,

70 1153 73 1158 -
143 1094 195 1178 οἷς
223 1099 490 1184 άναδεσμοῦνται
520 1101 555 1164 οἱ
582 1100 740 1184 τράχηλοι
766 1110 834 1164 τῶν
857 1100 968 1164 ἳππων
995 1100 1079 1182 πρὸς
1101 1100 1162 1164 τὸν

145 1210 271 1292 ζυγόν·
301 1207 345 1285 ὡς
362 1211 472 1273 κόπτω
494 1209 644 1273 πόπανον
667 1206 754 1272 λέπω
774 1205 963 1291 <λέπανον>
983 1203 1160 1272 λέπαδνον.

212 1314 264 1380 Et.
282 1314 326 1380 M.
349 1338 379 1399 p.
399 1317 465 1381 560
488 1313 636 1380 λέπαδνα
660 1315 696 1380 οἱ
722 1315 804 1380 κατὰ
832 1324 899 1379 τῶν
927 1313 1051 1378 ἱππίων
1083 1328 1162 1394 στη-

144 1420 237 1490 θέων
252 1423 394 1506 ἱμάντες,
414 1423 449 1487 οἱ
460 1427 726 1506 μασχαλιστῆρες.
758 1421 869 1486 Etiam
886 1419 1062 1486 seeundum
1075 1418 1160 1512 Phn-

142 1530 227 1595 tium
250 1529 336 1593 idem
359 1527 527 1594 λέπαδνον
550 1533 583 1592 et
605 1529 840 1613 μασχαλιστήρ.
918 1607 921 1612 ¹

212 1633 286 1700 sch.
305 1633 336 1698 Α
355 1632 425 1699 415
452 1657 513 1699 vox
540 1634 707 1719 χοιράδες,
735 1657 817 1726 quaa
842 1658 870 1698 v.
889 1633 956 1699 424
978 1637 1080 1716 extat,
1112 1633 1161 1700 sia

145 1742 353 1826 explanatur:
377 1741 414 1805 αἱ
434 1739 559 1825 ὕφαλοι
582 1737 637 1806 καὶ
659 1741 842 1807 θαλάσσιαι
865 1737 990 1827 πέτραι.

210 1848 247 1915 οἱ.
271 1847 337 1914 sah.
360 1848 451 1914 Pind.
475 1847 568 1934 Pyth.
591 1848 634 1933 Χ,
654 1849 709 1914 81:
737 1849 890 1935 χοιράδες
914 1897 943 1913 ..
967 1847 1005 1912 αἱ
1029 1846 1155 1929 ύῳαλοι

142 1953 268 2038 πέτραι.
456 1955 465 1968 “

211 2062 285 2132 sah.
299 2060 332 2129 A
346 2061 415 2130 207
435 2062 577 2141 πέλανος
594 2065 717 2150 κυρίας
735 2063 753 2130 ὁ
772 2063 925 2147 πεπηγὼς
943 2061 1047 2148 ῥύπος
1067 2061 1158 2145 λίγε-

141 2194 196 2236 ται
220 2171 257 2236 οἱ.
277 2194 350 2237 cum
372 2174 434 2236 vet.
453 2171 519 2236 sah.
538 2171 615 2236 Eur.
635 2170 689 2236 Or.
704 2172 769 2236 220
789 2167 853 2258 (ed.
873 2168 1074 2256 Schwartz.):
1098 2166 1153 2233 πέ-

143 2281 249 2341 λανον
272 2276 419 2341 ἐνταῦθα
447 2279 506 2342 τὸν
533 2279 701 2359 πεπηγότα
730 2275 838 2361 ῥύπον
866 2274 931 2340 ὑπὸ
948 2283 1015 2339 ’τοῦ
1038 2275 1159 2362 ἀφροῦ.

146 2381 185 2446 In
209 2363 316 2446 v'arbis
340 2383 478 2466 quaein
505 2383 568 2446 fine
596 2384 749 2468 leguntur
772 2381 920 2446 ἐνταῦθα
949 2377 985 2446 δέ
1008 2379 1157 2448 πέλανον

144 2488 207 2570 τὴν
229 2487 356 2550 θυσίαν
379 2489 466 2570 φησί
485 2485 662 2552 scholiasta
684 2509 761 2552 nsua
785 2491 835 2552 est
854 2489 908 2572 gl„
931 2489 1017 2574 quod
1034 2489 1068 2553 in
1086 2487 1156 2554 VH

149 2597 305 2676 servatur,
328 2597 462 2658 θυσίαν.
505 2593 576 2659 Hoc
601 2605 708 2659 autem
730 2598 768 2659 ut
791 2616 848 2679 per
872 2618 905 2660 se
925 2595 1084 2679 optimum
1102 2592 1159 2683 (af.

147 2698 250 2766 Sum:
272 2697 410 2765 πέλανοι
428 2699 577 2784 πέμματα
592 2699 627 2766 ἐκ
645 2699 810 2785 παιπάλης
828 2700 998 2767 τουτέστιν
1013 2701 1157 2786 ἀλεύρου

144 2805 343 2902 λεπτοτέρου
370 2808 417 2883 εἱς
444 2809 594 2872 θυσίαν
621 2807 788 2890 ἐπιτήδεια
816 2807 861 2885 ὣς
884 2808 983 2884 αὐτός
1005 2826 1088 2894 φησι
1115 2830 1158 2872 aa

145 2913 250 2997 Plato,
273 2914 345 2980 vide
368 2913 497 2979 Ruhnk.
520 2914 561 2977 ad
583 2913 666 2978 Tim.
688 2938 719 2999 p.
740 2911 807 3002 11),
830 2915 877 2979 ita
899 2915 974 2979 inde
998 2935 1158 2979 commen·

147 3021 255 3104 datur,
284 3021 369 3106 quod
398 3021 537 3086 alterum
564 3021 887 3104 interpretamentum
909 3019 941 3085 V
964 3023 1157 3086 πλακοῦντα
1234 3036 1236 3041 ’

146 3124 261 3214 (etiam
279 3127 314 3192 in
334 3126 362 3192 G
386 3132 419 3192 ελ
437 3127 463 3192 L
482 3125 653 3214 traditum)
672 3127 786 3212 procul
806 3127 904 3192 dubio
924 3149 963 3191 ex
982 3128 1157 3214 archetypo

144 3235 246 3300 flurin
292 3233 377 3300 Nam
410 3234 609 3319 adscripssum
643 3239 693 3298 est
725 3233 763 3298 ad
798 3255 826 3298 v.
850 3232 917 3298 524
944 3235 978 3298 in
1000 3234 1035 3300 M
1063 3243 1096 3301 ολ
1118 3234 1158 3301 V.

146 3340 239 3418 Quod
263 3344 370 3408 autem
393 3341 514 3407 ibidem
538 3343 572 3406 in
595 3340 627 3405 H
650 3341 814 3424 glossema
836 3341 963 3404 θυσίαν
986 3341 1161 3426 invenitur,
1218 3367 1232 3400 ι

146 3446 215 3514 veri
246 3449 352 3514 simile
384 3449 511 3514 videtur
540 3449 575 3514 in
607 3445 785 3530 archetypo
817 3444 988 3529 mrobique
1019 3449 1160 3534 explica·

145 3555 252 3626 tiones
274 3561 421 3634 πλακοῦς
444 3559 477 3621 ελ
497 3557 603 3622 θυσία
627 3554 777 3618 exaratas
800 3546 910 3615 fuisse.
