2626 3870
144 166 187 233 53
442 185 459 208 ε
574 168 730 223 εοεουιι

213 328 275 395 159
312 327 472 412 Ἄτοσσα,
509 329 663 414 θυγάτηρ
700 329 832 415 Κύρου,
874 330 960 414 γυνή
998 334 1159 418 Δαρείου,

144 441 250 523 μήτηρ
273 433 399 520 Ξέρξου
422 437 504 502 κατὰ
523 431 710 520 Ἡρόδοτον
733 435 763 502 V
785 433 839 524 (de
863 436 929 502 sch.
945 439 1029 524 vulg.
1049 441 1082 503 et
1095 437 1161 506 Dd.

143 545 206 609 vid.
223 547 337 609 notam
356 543 396 608 ad
417 543 483 610 sch.
497 566 525 608 v.
547 543 635 629 153).

214 709 230 757 2
249 699 323 756 κατὰ
340 700 391 756 τὸν
404 697 448 756 Ἥ.
467 699 493 754 V

211 883 275 982 1θο
286 939 332 1000 sq.
379 923 465 982 θεοῦ
492 913 554 1000 μέν
577 916 752 1003 εὐνήτειρα
775 922 932 1003 Περσῦνε
961 920 1040 995 τοὺς
1062 921 1157 1002 βασι-

143 1029 212 1100 λεῖς
240 1023 352 1088 αὑτῶν
375 1021 517 1088 ἐκάλουν
539 1025 644 1100 θεοὺς
667 1023 703 1088 οί
719 1021 848 1110 Πέρσαι
870 1023 891 1108 ή
916 1029 972 1089 ίσα
989 1021 1045 1090 καὶ
1062 1031 1159 1102 θεοῖς
1236 1017 1240 1030 ’
1299 1049 1303 1076 ⁴

144 1128 271 1214 ἐτίμων.
318 1126 423 1214 φησὶν
453 1124 515 1194 οὖν
539 1129 557 1195 ὁ
580 1131 680 1214 χορὸς
700 1131 785 1216 πρὸς
806 1131 868 1214 τήν
883 1129 1063 1197 Ἄτοσσαν·
1094 1141 1157 1197 τοῦ

142 1242 228 1301 θεοῦ
251 1231 312 1320 μὲν
330 1247 397 1301 τῶν
417 1240 560 1320 Περσῶν
578 1235 696 1320 ἐγένου
720 1238 905 1321 σύγκοιτος,
928 1236 1078 1304 τουτέστι
1095 1247 1159 1303 τοῦ

116 1346 310 1427 εΔαρείου,
338 1345 445 1426 μήτηρ
474 1339 511 1408 δὲ
534 1343 635 1409 πάλιν
658 1341 776 1426 ἐγένου
797 1351 859 1409 τοῦ
881 1350 977 1428 θεοῦ,
999 1345 1074 1428 ήτοι
1096 1353 1159 1411 τοῦ

142 1449 284 1533 Ξέρξου,
312 1451 344 1514 εί
363 1447 444 1526 τέως
472 1449 516 1533 μή
540 1449 558 1514 ὁ
582 1451 722 1526 παλαιὸς
745 1451 873 1534 δαίμων
896 1451 969 1534 ήτοι
992 1451 1012 1534 ή
1037 1450 1158 1536 ἀρχαία

141 1555 197 1621 καὶ
219 1556 240 1639 ή
264 1553 344 1639 πρὶν
364 1555 499 1640 εὐτυχία
522 1553 703 1640 μεθέστηκε
722 1565 849 1644 στρατῷ
874 1554 948 1621 ἀντὶ
966 1567 1027 1623 τοῦ
1046 1557 1158 1648 παρῴ-

142 1686 242 1747 χηκεν
270 1662 334 1728 ἀπὸ
361 1670 422 1727 τοῦ
450 1671 603 1749 στρατοῦ.
653 1662 861 1751 P(Dd.)VH.
907 1663 979 1730 Ηοο
1012 1670 1044 1730 et
1074 1689 1157 1751 quae

143 1772 296 1834 secuntur
324 1769 432 1834 decem
461 1769 587 1834 scholia
611 1770 729 1836 absunt
753 1771 793 1836 ab
819 1769 860 1856 0,
888 1772 921 1836 in
950 1794 1013 1857 quo
1037 1773 1158 1839 excidit

142 1898 243 1940 unum
265 1875 389 1942 folium.

215 2040 228 2087 1
248 2033 354 2088 lemma
370 2033 454 2089 hausi
472 2051 506 2088 ex
524 2035 558 2102 H,
577 2033 627 2088 ubi
645 2035 741 2090 tamen
759 2035 847 2098 θεοὺς
870 2066 904 2075 -
927 2037 993 2099 τοὺς
1011 2037 1072 2109 βασ.
1093 2038 1155 2094 αῦτ.

142 2102 172 2160 οἵ
187 2101 295 2176 Πέρσαι
319 2107 365 2160 ίσα
387 2103 437 2160 καὶ
455 2105 514 2178 (καὶ
534 2121 588 2162 om.
603 2107 638 2176 V)
662 2109 743 2170 θεοῖς
766 2106 874 2177 ἐτίμων.
912 2111 1029 2162 καλοῦσι
1051 2105 1083 2163 δὲ
1106 2109 1158 2163 καὶ

141 2177 239 2238 θεούς·
272 2176 361 2247 φησίν
388 2173 439 2232 οῦν
467 2181 524 2232 κτλ.
543 2176 601 2230 VH
637 2209 671 2218 —
708 2181 820 2232 4θεοῦ
845 2194 914 2232 corr.
935 2195 950 2232 e
972 2187 1057 2250 γοροῦ
1076 2178 1102 2232 V
1121 2211 1156 2222 -

141 2245 284 2302 τουτέστιν
303 2249 330 2302 Η
357 2279 390 2288 ·-
420 2251 528 2303 ῦθεοῦ
548 2248 608 2302 sine
627 2249 681 2303 art.
700 2248 753 2302 PH
778 2281 808 2288 -
834 2247 922 2320 ήγουν
941 2251 967 2305 V
990 2281 1024 2291 -
1053 2248 1157 2315 (ἰτέας

141 2337 189 2387 μοι
207 2320 232 2371 V
256 2349 289 2360 -
319 2317 403 2373 ’ίααὶ
421 2318 489 2387 πρὶν
508 2319 564 2374 εῦτ.
583 2318 617 2384 Η,
641 2318 690 2373 καὶ
708 2319 817 2374 παλαιὰ
836 2321 891 2376 εῦτ.
906 2320 928 2373 Ρ
946 2351 979 2360 -
1000 2321 1156 2391 στρατοῦΗ

142 2419 174 2428 -
191 2397 206 2444 8
226 2389 282 2442 ἀπὸ
301 2397 351 2444 τοῦ
370 2398 489 2460 στρατοῦ
508 2405 562 2446 om.
572 2390 606 2458 V,
626 2389 690 2445 ἀντὶ
708 2398 758 2445 τοῦ
777 2400 895 2460 στρατοῦ
914 2391 941 2444 Η

210 2784 273 2848 162
285 2805 354 2869 sqq.
400 2792 504 2848 ταῦτα
536 2783 578 2867 δή
611 2778 743 2851 λικοῦσ
777 2785 895 2850 ίκάνωι
932 2785 1102 2851 ἀκούσασα
1134 2787 1155 2870 ή

131 2888 277 2955 ’Ἀτοσσα
298 2897 359 2954 τοῦ
382 2897 486 2974 χοροῦ
509 2891 671 2973 είτόντος,
696 2891 746 2956 ὄτι
769 2893 801 2956 εί
818 2893 862 2976 μή
881 2891 902 2975 ή
920 2889 1001 2975 πρὶν
1020 2892 1154 2978 εὐτυχία

141 2995 334 3081 μεθέστηκε,
362 2999 459 3080 φησί·
488 2997 544 3061 διὰ
566 3005 670 3062 ταῦτα
688 2994 743 3063 καὶ
767 2997 831 3080 ἐγὼ
854 3001 1079 3083 παραγίνομαι
1103 2999 1155 3066 έν-

140 3108 250 3169 ταῦθα
278 3104 361 3188 πρὸς
387 3102 472 3188 ὑμᾶς
499 3105 724 3182 καταλείψασα
752 3107 830 3182 τοὺς
860 3113 972 3192 χρυσςῦ
996 3123 1155 3192 κεκοσμη-

114 3207 265 3293 σμένους
297 3215 409 3287 οίκους
441 3207 495 3276 καί
527 3211 587 3274 τὸν
620 3212 794 3292 βασιλικὸν
821 3221 973 3276 κοιτῶνα.
1014 3211 1070 3277 καὶ
1098 3210 1154 3297 ἐμὲ

213 3399 346 3456 Scholion
363 3401 449 3470 vulgo
469 3404 497 3456 et
516 3417 560 3471 ap.
575 3401 627 3456 Dd.
648 3401 688 3455 sie
707 3401 744 3455 ad
763 3401 820 3455 sch.
836 3420 861 3456 v.
880 3408 929 3457 155
943 3403 1082 3458 adnexum
1098 3407 1154 3460 θείς

140 3479 229 3526 ταῦτα
257 3470 288 3526 δὲ
315 3470 361 3541 (δὴ
389 3472 486 3542 vulgo)
515 3471 660 3527 ἀκούσασα
687 3472 705 3540 ἡ
728 3469 841 3526 ’Ἄτοσσα
878 3504 912 3513 -
950 3480 966 3526 2
995 3471 1037 3528 ὅτι
1066 3473 1093 3530 εί
1116 3476 1154 3546 μὴ

141 3542 253 3613 Ρ(Ι)ι1.),
273 3543 303 3596 εί
316 3563 342 3596 τι
361 3542 398 3612 μὴ
417 3543 542 3612 vulgofl,
562 3545 633 3598 εἴτι
651 3561 697 3612 μοι
716 3542 742 3596 V
761 3574 794 3584 —-
814 3551 830 3597 3
849 3563 882 3612 με
901 3541 1061 3614 καθέστηκε
1080 3547 1106 3600 Η
1120 3579 1154 3588 -
