2632 3878
424 133 678 186 ARGUMENTUM
695 131 870 184 FABULAE.

352 879 698 954 ARGUMENTUM
724 879 947 953 FABULAE
994 939 997 946 .
1091 895 1095 902 ·

298 1030 326 1084 Ε
351 1027 577 1084 00D10113Us
600 1027 802 1084 VHGLOP
825 1027 1003 1084 EDI'I'UM.

541 1157 754 1238 Ὑαόθεσις.

210 1306 360 1381 Γλαῦκος
398 1302 434 1368 έν
464 1313 534 1381 τοῖς
565 1301 641 1388 περὶ
664 1305 837 1388 Αἰσχύλου
870 1304 990 1389 μύθων
1024 1301 1060 1368 ἐκ
1091 1313 1160 1368 τῶν

146 1416 337 1477 Φοινισσῶν
364 1413 536 1496 Φρυνίχου
564 1409 646 1496 φησὶ
674 1413 753 1488 τοὺς
777 1409 912 1495 Πέρσας
934 1418 1159 1494 παραπεποιῆ·

144 1525 237 1603 σθαι,
260 1518 296 1594 ὃς
316 1517 467 1615 ἐντίθησι
485 1515 540 1582 καὶ
562 1518 624 1601 τὴν
642 1517 748 1602 ἀρχὴν
767 1526 827 1583 τοῦ
852 1519 1017 1603 δράματος
1032 1517 1158 1600 ταύτην

115 1658 128 1697 ⁵
262 1638 335 1707 τύδ’
361 1621 432 1706 έστλ
456 1647 600 1724 Περσῶν
622 1652 690 1707 τῶν
712 1642 814 1707 πύλαι
836 1645 1033 1726 βεβηκύτυν.

141 1767 229 1849 πλὴν
244 1764 312 1830 ἐκεῖ
330 1766 489 1849 εὐνοῦχός
509 1765 599 1830 ἐστιν
614 1764 784 1848 ἀγγέλλων
799 1765 836 1832 έν
852 1766 935 1852 ἀρχῇ
954 1767 1016 1850 τὴν
1030 1761 1157 1849 Ξέρξου

141 1868 258 1956 ἧτταν,
293 1872 464 1955 σνρωννύς
496 1894 532 1936 ιε
564 1873 715 1958 θρόνους
746 1873 840 1949 τινὰς
872 1882 942 1949 τοῖς
972 1881 1030 1958 τῆς
1057 1871 1159 1959 ἀρχῆς

141 1977 336 2066 ιιαρέθροις,
369 1977 518 2044 ἐνταῦθα
547 1975 584 2044 δὲ
611 1981 799 2065 προλογίζει
828 1980 927 2065 χορὸς
952 1981 1158 2065 πρεσβυτῶν.

81 2099 84 2104 ’
140 2097 208 2152 τῶν
233 2083 270 2152 δὲ
292 2095 402 2172 χορῶν
425 2087 465 2150 τὰ
488 2085 550 2170 μέν
574 2085 643 2151 ἐστι
665 2086 841 2172 παροδικύ,
866 2086 910 2163 ὡς
929 2086 983 2152 ὅτε
1001 2083 1090 2170 λέγει
1109 2083 1154 2150 δι’

102 2210 127 2249 10
141 2193 184 2277 ἣν
208 2194 317 2258 αἰτίαν
340 2193 498 2276 πάρεστιν
522 2192 566 2269 ὡς
588 2194 626 2257 τὸ

244 2317 369 2400 Τύριον
394 2309 494 2398 οἶθμα
517 2320 660 2380 λιποῦσα
683 2313 809 2401 (Eurip.
828 2315 950 2382 Phoen.
968 2313 1060 2402 202),

141 2441 182 2505 τὰ
207 2436 244 2504 δὲ
268 2439 425 2524 στάσιμα,
455 2440 499 2516 ὡς
522 2439 576 2504 ὅτε
600 2439 728 2504 ἵσταται
755 2439 811 2505 καὶ
839 2442 972 2527 ἄρχεται
994 2449 1053 2524 τῆς
1076 2456 1158 2524 συμ-

142 2555 249 2633 φορᾶς
271 2555 332 2611 τοῦ
357 2545 534 2631 δράματος,
557 2548 597 2611 τοὶ
621 2544 658 2612 δὲ
681 2548 875 2632 κομματικύ,
900 2549 953 2614 ὅτε
976 2549 1096 2614 λοινιὸν
1120 2547 1157 2612 έν
1180 2597 1182 2602 .

212 2693 228 2742 2
248 2686 352 2758 μύθοις
367 2683 549 2756 OPGHLV,
564 2703 633 2742 corr.
642 2686 695 2742 Dd.
708 2717 739 2726 —
752 2682 783 2742 ἐκ
794 2703 848 2744 om.
858 2686 888 2743 L.
900 2718 933 2727 -
945 2694 960 2742 3
971 2705 1040 2758 φησι
1056 2689 1157 2814 Φρυνί-

140 2848 192 2900 χου
206 2829 259 2884 Dd.
271 2826 335 2898 GH,
351 2827 422 2899 φασὶ
438 2829 596 2900 φρυνίοονΙι
611 2862 640 2869 -
656 2833 883 2900 παραποιεῖσθοιι
897 2829 963 2884 L-
979 2779 1084 2885 θέκεῖμ
1100 2779 1157 2897 νλῙ,

141 2930 287 2998 έκεῖνοςῦ
307 2966 337 2975 -
359 2899 483 3007 ἀγγέλέον
498 2935 531 3004 V,
554 2933 679 3006 ἀγγέλων
698 2935 780 2990 GHL
799 2967 833 2976 -
857 2945 906 2991 τού
925 2935 1033 3006 Ξέρξου
1051 2936 1105 2992 Dd.
1120 2969 1153 2976 -

141 3010 156 3058 7
173 3006 289 3077 σιρώνει
303 3008 325 3060 L
337 3039 370 3047 —
380 3008 499 3070 πολλοὺς
517 3025 568 3077 pro
587 3007 667 3070 τινὰς
681 3007 705 3062 G
718 3038 753 3048 —
769 3006 945 3078 8νιροέὸροις
958 3007 1011 3061 HL
1026 3039 1060 3048 -
1071 3025 1157 3078 προσ-

140 3077 242 3146 λογίζει
261 3077 286 3129 Η
306 3108 339 3118 -
359 3081 523 3152 πρεσβυτῶν
542 3078 563 3131 L
584 3111 616 3118 -
637 3086 652 3133 9
671 3077 707 3133 τὰ
725 3076 757 3133 δὲ
776 3087 861 3150 χοροῦ
880 3081 924 3150 (ου
943 3078 1057 3150 intas.)
1075 3078 1101 3133 V
1120 3110 1155 3120 -

139 3147 289 3217 παρωδικά
306 3148 329 3202 L
348 3179 382 3188 -
402 3149 438 3214 ὡς
461 3150 506 3206 ὅτε
529 3146 604 3219 λέγει
621 3149 655 3218 V,
679 3149 746 3205 libri
763 3149 881 3206 Aristot.
905 3167 974 3218 quos
993 3149 1101 3205 Weckl.
1125 3152 1156 3204 in

140 3234 238 3287 appar.
258 3220 294 3273 ad
318 3236 427 3290 argum.
446 3222 475 3275 M
499 3220 592 3288 affert,
621 3220 686 3276 vide
710 3221 829 3291 append.
850 3219 972 3288 Weckl.,
996 3221 1048 3275 Dd.
1073 3237 1106 3275 ex
1124 3221 1155 3288 P,

140 3289 176 3352 ὡς
195 3288 263 3344 ὅταν
281 3289 347 3362 λέγῃ
367 3290 464 3361 GHO,
488 3293 525 3356 ὡς
544 3291 611 3347 ὅταν
635 3291 709 3361 λέγει
727 3294 749 3346 L
771 3323 802 3331 -
825 3298 857 3346 12
877 3292 914 3354 ὡς
933 3291 978 3346 ὅτε
997 3291 1065 3358 Dd.,
1088 3289 1156 3346 libri

138 3359 234 3427 Arist,
254 3359 300 3415 ὅτε
320 3359 382 3429 VG,
402 3360 470 3416 ὅταν
489 3364 542 3416 HL
567 3393 601 3403 -
625 3361 687 3432 ἅρχ.
705 3369 754 3431 τῆς
772 3364 938 3435 θρηνῳδίας
956 3361 988 3429 G,
1007 3361 1074 3417 libri
1092 3362 1155 3415 Ari-

139 3431 206 3554 ῗλὶρλ,
225 3431 500 3555 X1t3tffqdppawc
518 3432 540 3485 L
561 3464 592 3472 -
615 3431 751 3502 αομοτικὰ
771 3431 806 3500 G,
831 3431 974 3503 κομωτιαὰ
991 3431 1013 3484 L
1034 3464 1064 3472 —
1086 3430 1154 3486 ὅταν

151 3518 162 3554 1
183 3520 207 3556 r1
251 3519 289 3556 ns
304 3517 342 3554 0.
