2642 3872
147 149 213 212 242
579 152 736 205 SCHOLIA
819 235 824 250 .

147 310 278 396 Λέσβος
310 309 454 397 ἐλέγετο,
487 311 523 378 ἐκ
554 321 615 378 τοῦ
647 310 769 398 μέρους
804 317 951 398 λαχοῦσα
979 314 1016 380 τὸ
1047 315 1166 399 ὄνομα,

148 419 258 505 ὥσπερ
281 415 336 483 καὶ
358 429 424 485 νῦν
442 422 621 502 Μιτυλήνη
645 417 774 502 λέγεται
796 417 817 502 ἡ
842 419 924 502 αὐτὴ
948 418 1012 485 άπὸ
1035 422 1164 498 πόλεως

148 525 327 612 ὁμωνύμου
351 534 428 611 μιᾶς
451 525 587 591 ἐκείνων
610 536 679 591 τῶν
701 523 744 590 ε’·
768 535 813 615 τῷ
834 521 871 591 δὲ
893 527 982 614 αὐτῷ
1001 529 1088 614 λόγῳ
1108 524 1165 592 καὶ

146 636 340 719 Λυκόφρων
359 632 401 719 (v.
416 630 496 720 220)
516 633 621 716 αὐτὴν
636 631 753 698 Ἴσσαν
771 633 917 700 έκάλεσε·
941 636 1000 719 μία
1024 635 1087 718 γάρ
1107 631 1164 698 καλ

106 763 131 803 15
145 740 166 823 ἡ
179 739 276 806 Ἴσσα
299 750 357 825 τῆς
379 739 481 824 αὐτῆς
503 742 741 817 πενταπόλεως.
788 739 839 822 0.]

146 937 179 987 13
197 949 248 1002 pro
268 930 353 1006 λόγῳε
372 899 404 990 λέ
423 951 486 988 cum
505 933 673 1003 compendio
694 933 726 1002 Ο,
746 951 814 990 corr.
828 933 882 988 Dd.

212 1131 275 1197 889
313 1129 368 1197 καὶ
391 1131 411 1215 ἡ
431 1130 574 1217 ’Ἀνόρος
596 1141 698 1216 νῆσος
720 1131 740 1216 ἡ
765 1131 982 1197 συνάπτουσα
1005 1139 1044 1217 τῇ
1067 1134 1162 1218 νησῳ

148 1239 245 1325 Τήνῳ
268 1238 376 1322 ἤγουν
393 1237 414 1323 ἡ
435 1237 628 1324 συνημμένη
648 1239 731 1324 αὐτῇ
750 1236 806 1304 καὶ
825 1238 1022 1323 ἀγχιγείτων
1040 1239 1162 1321 ταύτης

143 1345 364 1429 τυγχάνουσα.
410 1346 618 1433 vulgoDd.V.

215 1484 247 1539 In
264 1485 290 1540 V
308 1486 363 1541 hoc
382 1486 470 1542 schol.
489 1489 555 1556 posh
572 1486 731 1556 proximum
751 1486 850 1555 (schol.
869 1505 896 1540 v.
911 1485 975 1555 891)
993 1483 1106 1554 legitur.
1128 1516 1160 1524 -

146 1560 160 1607 1
180 1555 320 1626 ἅντροςλλ
338 1589 370 1598 -
390 1557 466 1630 νήσῳ
486 1574 540 1612 om.
555 1557 581 1611 V
599 1589 634 1598 -
653 1563 669 1610 2
688 1573 739 1626 pro
758 1555 847 1627 ἤγουν
865 1557 897 1626 ἡκ
916 1556 965 1612 καὶ
978 1555 1122 1625 vulgoDd.

211 1755 274 1819 891
288 1777 335 1840 sq.
375 1753 432 1820 καὶ
454 1757 512 1833 τάς
535 1755 715 1841 ἀγχιάλους
738 1756 935 1840 μεσάκτουςε
958 1757 1033 1839 ἤτοι
1055 1777 1159 1840 παρα-

142 1863 349 1939 θαλασσίους
375 1863 435 1940 τάς
461 1864 537 1949 άγχι
564 1861 620 1928 καὶ
647 1865 789 1947 πλησίον
817 1871 874 1945 τῆς
897 1862 1069 1945 θαλάσσης
1092 1885 1157 1927 κει-

141 1965 242 2050 μένας
264 1967 425 2055 καὶπρὸς
447 1973 506 2036 τὸν
530 1972 691 2054 αἰγιαλόν.
737 1968 942 2054 vulgoDdV.

214 2113 227 2160 1
257 2107 307 2162 καὶ
329 2108 380 2174 τὰς
402 2109 553 2181 ἀγχιάλους
575 2107 757 2180 μεσάγκτους]
781 2107 831 2170 τὰς
854 2107 919 2178 άγχι
941 2116 990 2178 τῆς
1011 2107 1158 2177 θαλάσσης

141 2183 197 2233 κτλ.
217 2179 373 2249 vulgoDd.‚
391 2182 440 2236 καλ
458 2181 509 2244 τὰς
527 2182 588 2252 ἀγχ.
608 2179 658 2235 καλ
675 2179 726 2243 τὰς
743 2177 909 2250 μεσάκτους·
929 2178 992 2248 ἤτοι
1010 2184 1066 2234 κτλ.
1082 2178 1107 2232 V
1122 2212 1156 2220 —

141 2255 157 2303 2
176 2249 322 2320 θαλάσσης
341 2251 400 2306 sine
421 2257 471 2308 art.
489 2253 514 2307 V

208 2823 270 2888 897
307 2828 497 2907 Σαλαμίνατ
519 2824 580 2906 τὴν
599 2821 636 2888 έν
654 2823 781 2910 Κύπρῳ
800 2824 916 2907 φησίν,
939 2817 979 2906 ἧς
996 2821 1017 2906 ἡ
1036 2825 1155 2908 μητρό-

139 2934 235 3006 πολις
259 2928 293 3016 (ἡ
318 2930 355 2995 ἐν
377 2939 416 3016 τῇ
436 2928 575 3015 Ἀττικῇ,
600 2929 728 3014 δηλαδὴ
752 2937 854 3013 νῆσος
872 2930 1040 3014 Σαλαμίν)
1064 2931 1155 2995 αίτία

139 3033 208 3100 ἐστὶ
231 3037 337 3101 τῶνδε
360 3048 428 3101 τῶν
446 3037 688 3120 στεναγμάτων.
725 3037 858 3100 άποικοι
876 3035 939 3122 γάρ
959 3038 1046 3101 είσιν
1064 3038 1100 3102 oc
1115 3036 1156 3102 έν

138 3144 267 3230 Κύπρῳ
291 3147 493 3228 Σαλαμίνιοι
515 3154 582 3208 τῶν
606 3143 643 3209 έν
666 3151 705 3227 τῇ
724 3139 862 3227 Ἀττικῇ.
908 3141 991 3228 φασὶ
1013 3144 1077 3228 γάρ
1101 3144 1152 3208 ὄτι

111 3257 199 3314 ατοῦ
216 3254 363 3325 Αίαντος
386 3248 576 3333 αὐτόχειρος
599 3250 776 3332 γεγονότος
800 3247 817 3313 ὁ
841 3251 987 3333 Τεῦκρος
1009 3249 1027 3316 ὁ
1047 3249 1155 3314 αὐτοῦ

211 3394 223 3442 1
245 3391 394 3458 Σαλαμῖνα
414 3405 468 3442 om.
482 3387 509 3440 V
529 3419 560 3427 —-
581 3387 729 3457 2σαλαμλς
748 3393 832 3455 νῆσος
851 3385 877 3440 V
896 3419 929 3427 -
955 3387 1063 3458 δηλαδὴ
1082 3387 1152 3458 ἡμῖν

137 3456 215 3512 αἰτία
224 3459 310 3528 vulgo
330 3490 362 3498 -
382 3465 399 3512 4
418 3465 467 3526 τῆς
485 3475 536 3526 pro
555 3466 611 3513 τῶν
626 3458 651 3511 V
667 3489 698 3499 -
718 3464 751 3527 τῇ
772 3473 824 3512 om.
840 3458 958 3528 vulgoV
977 3491 1010 3500 —
1031 3463 1047 3512 5
1066 3458 1150 3514 αὐτό-

209 3551 228 3592 ς
247 3527 402 3600 σφαγέντος
421 3525 452 3584 έν
474 3531 561 3604 Τροίᾳ
581 3529 595 3584 ό
617 3533 739 3600 Τεῦκρος
756 3527 860 3599 P(Dd.)
879 3562 912 3570 -
