2652 3866
162 189 228 255 266
595 191 752 244 SCHOLLA

232 353 316 419 1027
362 349 499 418 Ἰαόνων
526 355 619 430 λαὸςε
652 352 670 418 6
698 353 797 438 χορὸς
823 351 1073 438 έρωτηματικῶς
1096 369 1183 437 φησι

162 461 246 547 πρὸς
268 463 328 526 τὸν
344 458 492 545 Ξέρξην·
516 459 533 524 6
557 460 637 536 λαὸς
659 469 727 524 τῶν
751 457 889 524 Ἰαόνων
911 457 966 524 καὶ
989 470 1057 524 τῶν
1082 456 1183 544 Ἀθη-

162 569 270 632 ναίων
308 566 349 632 οὐ
387 568 577 652 φυγαίχμας
614 565 719 646 έστίν;
757 567 830 648 ἤτοι
868 565 909 630 οὐ
946 566 1082 650 φεύγων
1119 568 1184 651 τὴν

163 675 300 758 αόχμήν;
323 672 475 740 τουτέστι
497 673 703 757 πτοούμενος
725 674 785 738 τὸν
808 673 963 756 πόλεμον.
997 673 1015 738 6
1040 669 1077 738 δέ
1100 671 1184 758 Ξέρ-

134 779 221 863 εξης
253 778 336 865 φησὶ
366 783 449 866 πρὸς
474 781 535 846 τὸν
561 782 679 865 χορόν·
712 779 907 864 ἀγανόρεεός
937 778 1027 845 ἐστιν
1056 779 1073 845 6
1102 781 1184 858 λαὸς

161 897 229 951 τῶν
256 883 406 970 Ἰαόνων,
439 889 546 971 ἤγουν
578 887 773 970 θαυμαστὸς
805 887 853 963 εἰς
884 887 921 952 τὸ
952 886 1097 971 ὁρᾶσθαι
1125 885 1183 952 καὶ

162 991 348 1077 ἐπιτήδειος
377 996 424 1070 εἰς
455 993 623 1078 ἀνδρείαν.
669 994 825 1058 κατεῖδον
858 989 895 1058 δέ
925 992 1054 1076 βλάβην
1086 992 1183 1060 ἀνέλ-

161 1118 291 1165 πιστον.
327 1099 571 1186 vulgoDd.VH.
608 1097 687 1186 ((De
707 1100 732 1164 P
752 1123 780 1165 v.
800 1101 819 1164 l.
839 1097 875 1187 l.)

234 1247 249 1292 2
269 1238 352 1309 χορὸς
369 1256 421 1310 pro
442 1239 508 1301 λαὸς
521 1238 628 1294 Vietfl
653 1269 686 1278 -
711 1247 726 1293 3
745 1237 808 1306 ἤτοι
825 1238 912 1309 vulgo
932 1257 986 1295 om.
1004 1271 1038 1280 -
1058 1241 1090 1294 οὐ
1111 1239 1184 1310 φεύ-

161 1331 219 1380 γων
235 1353 240 1366 .
257 1309 404 1366 ,τουτέστι
423 1329 476 1366 0m.
492 1309 567 1365 V·
586 1317 603 1364 4
621 1308 764 1366 τουτέστιν
783 1311 809 1364 Η
829 1343 862 1351 -
882 1310 1038 1381 τττοόμενος
1056 1310 1181 1381 πόλεμον

162 1383 186 1435 V
206 1413 240 1422 -
260 1387 276 1436 5
296 1380 448 1453 ἀγανόριός
465 1383 552 1452 vulgo
571 1413 606 1422 -
626 1387 641 1434 6
661 1380 723 1449 ἤτοι
742 1383 768 1436 Η
788 1413 820 1422 -
841 1380 881 1446 εἰς
898 1382 930 1437 τὸ
950 1381 1049 1438 addidi
1068 1399 1102 1436 ex
1120 1383 1142 1434 V

232 1529 318 1594 1030
328 1551 375 1612 sq.
406 1525 571 1611 τραπέντα
588 1521 822 1611 ναύφρακτονε
845 1536 906 1593 τοῦ
925 1524 1052 1611 Ξέρξου
1071 1529 1182 1594 εέτόν·

160 1656 217 1710 τος
245 1633 296 1698 ὅτι
323 1635 478 1700 κατεῖδον
505 1643 596 1718 πῆμα
627 1635 769 1698 ἄελπτον
802 1649 885 1716 φησι
917 1635 1000 1717 πρὸς
1029 1635 1131 1699 αὐτὸν
1161 1635 1180 1701 6

161 1743 272 1824 χορός·
300 1741 361 1806 τὸν
389 1743 548 1806 ναυτικὸν
576 1739 670 1824 ἡμῶν
694 1741 777 1806 λαὸν
799 1741 859 1806 τὸν
882 1739 1067 1824 ἡττηθέντα
1090 1743 1181 1826 παρὰ

160 1858 228 1911 τῶν
253 1844 391 1913 Ἰαόνων
414 1846 520 1930 λέγεις
543 1853 666 1912 παθεῖν
691 1857 782 1932 πῆμα
806 1847 962 1927 &elmon
994 1847 1012 1913 6
1037 1847 1076 1913 δέ
1096 1866 1182 1934 φησι

133 1955 244 2037 σωρὸς
272 1954 386 2038 αὐτόν,
415 1954 466 2020 ὅτι
494 1962 657 2019 τοσοῦτον
690 1952 785 2033 ἔδοξέ
813 1977 870 2038 μοι
897 1963 996 2020 τοῦτο
1024 1958 1181 2038 χαλεπόν,

161 2060 245 2125 ὥστε
268 2059 324 2126 καὶ
347 2063 407 2126 τὸν
432 2061 609 2146 ἱματισμόν
632 2084 697 2146 μου
717 2058 874 2146 διέρρηξα
893 2059 945 2125 έτὶ
963 2070 1003 2146 τῇ
1022 2069 1180 2149 συμφορᾷ

160 2168 283 2232 τούτου
310 2177 371 2233 τοῦ
397 2176 511 2232 κακοῦ.
555 2175 655 2232 τοῦτο
685 2163 722 2232 δέ
750 2165 806 2232 καὶ
829 2167 847 2232 6
871 2169 1010 2252 ἄγγελος
1032 2179 1180 2253 προεῖπε.

233 2331 249 2377 2
270 2321 347 2379 εἶδον
361 2323 449 2394 vulgo
473 2355 507 2365 -
530 2332 610 2393 πῆμα
625 2323 733 2392 om.V‚
761 2321 832 2394 πῆμ’
848 2323 875 2377 Η
901 2355 935 2364 -
963 2325 1082 2394 φησινὸ
1097 2326 1180 2396 χορὸς

160 2393 231 2460 πρὸς
254 2393 383 2450 αότόνἸ
407 2427 441 2436 -
469 2398 534 2464 post
558 2396 678 2450 ἄελπτον
700 2395 731 2450 in
753 2396 791 2450 H:
821 2394 835 2449 6
859 2395 891 2450 δὲ
916 2395 998 2465 χορός
1021 2414 1091 2466 φησι
1108 2398 1180 2467 πρὸς

161 2464 262 2520 αὐτόν·
281 2467 330 2520 τὸν
349 2467 484 2522 ναυτικὸν
502 2467 581 2536 ἡμῶν
600 2467 669 2521 λαόν
685 2466 735 2521 τὸν
749 2465 910 2535 ἡττηθέντα
924 2467 1057 2537 περὶτῶν
1072 2467 1179 2524 έαόνων

161 2535 249 2607 λέγεις
276 2533 347 2608 πῆμ’
373 2537 501 2593 ἄελπτον.
543 2537 558 2592 6
587 2535 619 2592 δέ
647 2555 717 2608 φησι
744 2537 814 2608 πρὸς
842 2535 942 2606 αὐτόν,
976 2536 1018 2593 ὅτι
1044 2547 1179 2596 τοσοῦτον

162 2606 241 2674 ἔδοξε
261 2613 317 2663 κτλ.
343 2640 375 2649 -
404 2616 421 2663 4
443 2605 514 2680 πῆμ’
536 2609 589 2664 Dd.
615 2641 646 2648 —
677 2619 760 2679 ὁμου
777 2609 862 2680 vulgo
882 2626 935 2664 om.
960 2641 994 2650 —
1022 2619 1103 2666 τοῦτο
1124 2628 1178 2666 om.

159 2677 241 2734 Dd.V
259 2712 294 2722 -
315 2687 330 2736 7
349 2689 430 2736 τοῦτο
450 2679 481 2736 δὲ
497 2725 503 2737 .
519 2686 658 2752 ,προεῖπε
678 2696 731 2735 om.
746 2679 804 2734 VH
