2632 3878
153 99 198 163 34
584 101 741 156 scflomA

224 264 266 328 72
289 259 374 346 ἀμφὶ
392 269 438 346 τῷ
457 261 572 348 αὐχένι
590 273 651 330 τοῦ
671 264 796 328 πόντου
817 263 917 346 ζυγὸν
936 262 1049 346 βαλὼν
1067 265 1173 328 πολύ-

154 392 289 454 γομφον
313 369 434 454 ὅδισμα
456 368 511 436 καὶ
532 371 687 455 βάδισμα.
730 369 851 454 ὅδισμα
871 364 907 434 δὲ
925 370 986 454 την
1005 369 1174 434 σύνθεσιν

154 485 222 540 τῶν
244 486 337 560 νηῶν
361 473 466 561 λέγει,
493 487 561 542 τῶν
588 485 646 562 τῆς
672 476 845 559 θαλάσσης
873 477 1031 559 δηλονότι
1053 477 1174 540 νώτων

155 583 298 648 άνυθεν.
345 581 537 668 ἐγεφύρωσε
566 585 630 669 γὰρ
657 585 694 649 τὸ
723 581 943 648 ἑπταστάδιον
965 593 1037 660 ταῖς
1058 585 1173 665 ναυσί,

128 690 326 774 σσυνδήσας
353 687 408 755 καὶ
435 699 499 775 γῆν
527 690 709 776 ἐπιβαλών,
738 690 821 754 ὥστε
849 689 931 754 ὁδὸν
958 698 1093 772 ποιῆσαι
1116 685 1171 754 ἐπὶ

154 805 222 860 τῶν
244 807 340 862 νεῶν.
387 798 440 863 διὸ
469 799 690 882 πολύγομφον
719 797 840 880 ὅδισμα
864 791 964 862 εἶπεν.
1009 794 1171 880 γράφεται

154 901 209 968 καὶ
234 905 380 987 ἔρεισμα·
403 902 465 986 την
488 911 582 969 ναῦν.

229 1119 241 1166 1
262 1111 337 1183 ἀμφὶ
356 1155 362 1168 .
383 1153 390 1168 .
410 1114 502 1186 βαλὼν
522 1129 576 1171 om.
595 1115 622 1168 H
641 1146 672 1154 —
693 1111 768 1184 ἀμφὶ
786 1109 862 1168 (HV
896 1143 929 1152 -
962 1109 1100 1183 λὸδισμα
1119 1110 1170 1184 βά-

126 1221 130 1229 -
155 1185 241 1254 δισμα
260 1183 309 1238 παλ
327 1184 477 1256 νίνημαλ]
502 1217 536 1226 -
564 1184 612 1240 καὶ
632 1183 755 1258 βάδισμα
774 1183 871 1242 om.P
898 1215 934 1224 —
962 1182 1065 1254 ὅδισμα
1083 1181 1115 1238 δὲ
1135 1225 1168 1239 ..

155 1253 230 1326 λέγει
249 1254 347 1310 addidi
364 1271 399 1310 ex
418 1256 452 1326 V,
472 1255 522 1310 sed
540 1254 664 1329 βάδισμα
681 1255 769 1310 habeb
786 1256 811 1308 V
831 1287 863 1295 -
895 1262 910 1310 3
929 1253 1073 1324 θαλάττης
1090 1254 1116 1307 V
1134 1285 1169 1294 —

154 1327 250 1382 νώτων
270 1321 399 1382 ἐνταῦθα
417 1326 532 1383 ἄνωθεν
551 1327 629 1382 V-
648 1333 665 1382 4
684 1324 715 1382 δὲ
735 1343 786 1396 pro
804 1325 858 1397 γάρ
878 1327 902 1380 V
922 1358 955 1368 -
984 1328 1085 1394 bpost
1108 1320 1170 1381 ἐπι-

157 1399 262 1472 βαλὼνι
290 1397 406 1454 ἄνωθεν
435 1398 645 1468 vulgoDd.VH
685 1430 719 1439 —
763 1395 858 1454 6εἷπε
877 1397 975 1466 τυλςο,
1005 1400 1116 1468 είρηιιεν
1135 1396 1169 1464 V,

154 1465 195 1524 δι’
211 1469 245 1534 ἃς
263 1469 312 1525 καλ
330 1469 362 1524 τδ
380 1469 563 1540 πολύγομφον
583 1466 644 1525 εἷπε
658 1469 710 1524 Dd.
750 1501 782 1510 —
820 1468 961 1540 γράφεται
978 1511 984 1524 .
1001 1511 1007 1524 .
1022 1476 1095 1524 ναῦν
1114 1484 1170 1524 om.

155 1540 215 1609 PV,
234 1557 285 1611 pro
304 1540 405 1610 quibus
418 1541 454 1595 ·in
473 1541 498 1594 V
516 1540 591 1596 inter
609 1539 659 1596 καί
676 1543 783 1611 κίνημα
798 1543 827 1595 et
842 1539 965 1613 βάδισμα
980 1537 1011 1594 δὲ
1026 1540 1094 1610 (vid.
1109 1543 1169 1595 not.

154 1611 173 1666 1.
190 1616 231 1680 λγ
252 1609 378 1682 ἔρεισμα·
398 1609 472 1681 λέγει
490 1609 522 1666 δὲ
541 1610 592 1681 τὴν
611 1620 691 1667 ναῦν.

224 1917 266 1982 74
294 1916 509 2002 πολυάνδρου
538 1913 568 1982 δ’
594 1911 701 1995 Ἀσίας
728 1917 870 2003 θούριος
893 1918 1016 2000 άρχυνε
1045 1914 1063 1981 ὁ
1086 1916 1171 1980 &015-
1292 1900 1293 1916 ¹

156 2047 228 2110 ριος
257 2020 294 2089 δὲ
321 2022 376 2090 καὶ
404 2023 421 2090 δ
449 2025 711 2109 πολεμικώτατος
739 2025 851 2109 ἄρχων
874 2032 931 2108 τῆς
953 2021 1171 2106 πολυάνδρου

152 2128 262 2208 Ἀσίας
285 2130 303 2196 ὁ
326 2129 449 2216 ,Ξέρξης
472 2128 526 2195 ἐπὶ
548 2140 658 2196 πᾶσαν
680 2134 806 2215 χθόνα,
834 2131 895 2214 τὴν
917 2129 1086 2214 Εὐρώπην
1111 2128 1170 2212 δη-

121 2267 124 2274 ’
155 2240 279 2319 λονότι,
301 2236 433 2302 ἐλαύνει
451 2239 672 2322 ποιμανόριον
689 2242 788 2302 θεῖον
808 2239 958 2322 διχόθεν·
982 2235 1018 2301 ἐκ
1036 2244 1097 2320 γῆς
1114 2231 1170 2299 καὶ

128 2344 335 2427 ι’θαλάσσης.
377 2345 598 2426 ποιμανόριον
623 2339 659 2407 δὲ
682 2344 719 2408 τὸ
740 2348 869 2426 πλῆθος
891 2345 929 2408 τὸ
953 2339 1170 2428 στρατευδέν,

155 2451 193 2515 τὸ
227 2448 388 2534 άνδριιιὸν
420 2453 567 2533 πλῆθος,
598 2452 770 2534 ποίμνιον.
803 2451 893 2532 παρά
921 2451 958 2514 τὸ
988 2451 1168 2534 ποιμαίνω·

156 2559 311 2642 σημαίνει
335 2552 371 2620 δὲ
394 2557 432 2621 τὸ
456 2557 642 2642 στράτευμα
665 2557 702 2622 τὸ
725 2558 900 2640 βασιλικὸν
923 2558 1012 2642 παρά
1034 2559 1072 2623 τὸ
1091 2559 1171 2633 τοὺς

155 2666 302 2748 βασιλεῖς
325 2661 481 2746 λέγεσθαι
507 2661 674 2748 ποιμένας.
721 2664 805 2729 ὅθεν
829 2666 1050 2750 ποιμανόριον
1072 2665 1110 2728 τὸ
1135 2663 1170 2728 ἐκ

154 2773 298 2855 ποίμνης
321 2768 456 2855 ἀνδρῶν
479 2769 689 2856 συνηγμένον
713 2773 892 2854 βασίλειον.

225 2985 241 3033 2
261 2976 293 3034 δὲ
312 2979 361 3034 καλ
380 2997 433 3037 om.
451 2980 478 3034 H
497 3012 531 3022 -
550 2987 566 3035 3
586 2980 601 3036 ὁ
620 2979 728 3052 Ξέρξης
746 2983 812 3036 ante
826 2989 875 3052 της
888 2980 1067 3052 πολυάνδρου
1081 2981 1169 3050 vulgo

154 3050 211 3104 VH
230 3080 263 3091 -·
287 3051 509 3122 δδαλάττηςλί
533 3083 567 3093 -
596 3059 695 3122 ὄαρον
723 3051 911 3124 ποιμανόριον
929 3050 961 3107 δὲ
979 3052 1011 3107 τὸ
1031 3052 1169 3124 ἀνδρικὸν

153 3123 295 3193 ποίμνιον,
309 3121 389 3192 παρὰ
402 3122 433 3178 τὸ
447 3125 588 3193 ποιμαίνοο
598 3124 651 3179 Dd.
668 3155 702 3164 -
720 3124 752 3180 τδ
767 3121 941 3194 στρατευδδν
955 3123 1092 3192 ἀνδρικὸν
1101 3122 1168 3192 VH,

153 3193 185 3248 τδ
205 3193 401 3262 στρατευτιιιὸν
419 3193 450 3249 τὸ
469 3194 606 3264 ἀνδρικὸν
624 3199 735 3264 πλῆθος
752 3196 837 3264 vulgo
856 3226 890 3236 -
911 3203 927 3251 6
945 3199 1055 3266 πλῆθος
1074 3210 1127 3248 om.
1144 3195 1167 3246 V

154 3294 188 3304 -
207 3267 340 3333 ποίμνιον
357 3263 436 3333 παρὰ
454 3263 486 3319 τὸ
503 3267 645 3336 ποιμαίνω
664 3282 718 3322 om.
735 3267 822 3335 vulgo
842 3268 872 3320 ελ
888 3265 958 3323 inv
979 3297 1009 3307 -
1031 3271 1046 3319 ‘1
1065 3265 1096 3320 τὸ
1117 3267 1168 3338 βα-

154 3333 262 3389 σιλικὸν
276 3350 330 3389 om.
344 3334 393 3388 vul
414 3334 501 3402 0VH‚
519 3335 551 3390 τὸ
570 3335 707 3406 άνδριιιδν
720 3336 773 3394 Dd.
793 3367 827 3377 -
846 3337 912 3407 περλ
925 3336 956 3392 τὸ
971 3337 997 3390 Η
1015 3368 1050 3378 -
1069 3342 1085 3390 8
1104 3355 1167 3390 ποι-

154 3402 291 3529 μανάβιὲν
318 3401 350 3459 δὲ
378 3351 460 3474 (ὅθεν
489 3405 604 3477 omisso)
627 3409 653 3462 H
682 3439 715 3448 -
744 3402 776 3461 ἔτι
797 3410 888 3476 ιήςλί
914 3440 946 3448 -
977 3415 992 3463 9
1016 3405 1170 3477 συναγόμε-

154 3495 205 3531 νον
