2642 3872
535 187 575 239 IN
593 187 625 240 V.
647 190 796 240 744-761.

156 349 264 431 ἤγουν
290 349 328 412 τὸ
357 347 471 413 ἐλθεῖν
494 371 534 432 με
557 348 639 412 κατὰ

156 464 224 519 τῶν
239 451 429 538 Ἀθηναίων
443 453 483 520 V.
497 492 541 503 -
557 459 639 538 πλη-

157 571 263 646 ρῶσαι
281 560 321 626 V.
352 597 390 607 -
422 563 487 626 744
513 561 638 646 ὡραῖον

156 669 334 753 praefixum
355 666 430 732 VG.
458 704 495 716 -
521 667 567 752 *ἢ
592 669 639 744 εἰς
694 667 760 732 744
778 668 869 749 ὅταν,
889 671 984 751 φησι,
1005 670 1173 754 σπονδάζῃ

155 776 240 840 καλὰ
271 774 292 859 ἢ
325 777 371 852 εἰς
400 776 485 840 κακὰ
508 775 549 838 V.
593 776 640 851 εἰς
693 797 742 850 τις
766 776 812 850 εἰς
829 775 914 839 κακὰ
932 774 953 859 ἢ
973 774 1173 858 εἰςιιαλά,ὁ

156 881 288 966 ἀγαθόν
323 906 355 946 τι
392 881 433 947 Η.
476 883 561 966 πρὸς
601 881 639 945 τὸ
693 883 774 957 θεὸς
792 881 1174 966 συνεπιλαμβάνεται.-

155 991 258 1054 ιιακὸν
291 987 312 1072 ἢ
349 988 432 1072 πρὸς
463 989 501 1053 τὸ
536 987 639 1052 καλὸν

157 1095 224 1161 BL.
248 1132 291 1144 -
315 1098 439 1179 βοηθεῖ
455 1094 495 1160 Η.
518 1132 554 1141 -

157 1645 221 1711 745
254 1647 379 1726 κακῶν]
414 1650 503 1709 *τῶν
527 1644 566 1708 V.
594 1681 638 1690 —

155 1750 336 1836 *φαίνεται
349 1751 389 1816 V.
403 1789 440 1796 -
458 1751 638 1835 εὑρεθῆναι
691 1805 694 1810 .

156 1858 196 1924 V.
218 1857 378 1943 εὑρέσθαι
391 1855 432 1920 Η.
451 1892 489 1902 -
505 1853 550 1920 *ὁ
565 1857 638 1931 νλὸς

157 1965 175 2031 ὁ
199 1965 277 2049 ἐμὸς
294 1963 334 2030 V.
357 2001 393 2009 —
420 1962 484 2027 746
508 1962 637 2026 *ταῦτα

155 2070 195 2136 V.
217 2108 254 2118 -
280 2069 474 2134 *ἐτελείωσε
493 2068 533 2133 V.
548 2105 591 2116 -

152 2338 215 2402 747
238 2337 293 2400 διὰ
314 2337 352 2400 τὸ
372 2331 458 2402 εἶναι
477 2330 534 2422 (ἦν
549 2332 633 2422 cod.)
689 2337 752 2402 747
766 2338 821 2402 διὰ
835 2338 872 2403 τὸ
888 2338 1050 2424 ἱδρῦσθαι
1061 2335 1171 2426 (ἱδρύ-

150 2446 243 2530 ἱερὸν
275 2443 378 2508 ἐκεῖσε
411 2445 495 2520 Διὸς
518 2441 559 2508 V.
587 2479 629 2488 —
685 2450 768 2511 σθαι
814 2444 868 2524 ιιι)
920 2445 1042 2512 αὐτόθι
1085 2447 1171 2523 Διὸς

148 2552 206 2634 ὣς]
237 2551 344 2628 οὕτως
366 2549 406 2616 V.
433 2585 469 2596 -
501 2550 630 2632 *ἤγουν
685 2551 788 2636 λαρόν,
840 2551 884 2630 ὡς
925 2552 1099 2629 Μνασέας·
1148 2552 1169 2636 ἣ

146 2657 183 2723 έν
213 2659 348 2742 δεσμοῖς
370 2657 410 2722 V.
456 2655 493 2721 έν
516 2655 558 2722 Η.
587 2693 629 2703 -
655 2695 657 2700 ,
684 2660 742 2724 τὸν
766 2656 954 2746 ἀνειμένον,
993 2658 1037 2736 ὡς
1061 2657 1170 2743 ’ἱερὸν

145 2766 210 2832 748
234 2751 413 2850 κρατήσειν
436 2763 476 2828 V.
509 2771 629 2848 κραιῆ-
685 2764 805 2848 λχθύν’
824 2763 938 2853 (Hom.
954 2769 993 2830 Π
1001 2763 1093 2853 407).
1112 2803 1157 2814 -

144 2888 199 2936 σαι
213 2871 255 2935 Η.
279 2908 314 2917 -
337 2869 435 2951 θεοῦ]
456 2877 517 2934 τοῦ
531 2867 570 2932 V.
587 2905 624 2915 —
730 2913 733 2920 -

11 3049 13 3064 Ι
144 2979 208 3043 749
220 2975 377 3061 μετέβαλε
387 2975 427 3042 V.
447 2974 626 3061 μετέβαλεν

11 3077 12 3082 “
142 3082 625 3166 εἰςγῆνΒθιΙι-7506δὸν

140 3190 179 3255 V.
206 3227 244 3237 -
270 3190 403 3274 έβάδισε
425 3189 468 3254 Η.
491 3226 535 3237 -
561 3190 622 3254 751

136 3295 302 3380 ὑπέλαβεν
324 3297 364 3361 V.
404 3334 442 3344 -
486 3297 625 3380 *Vyovv

136 3415 254 3489 μωρῶς
272 3403 312 3469 V.
336 3441 373 3450 —
