2632 3878
239 897 246 910 ’
352 935 658 1008 suuoussio
689 933 914 1047 caimos.
981 991 984 993 .

199 1195 270 1251 Cum
293 1195 381 1250 editio
401 1194 550 1263 Dindorfii,
574 1195 678 1264 quippe
701 1195 748 1263 qui
773 1211 864 1263 neque
887 1195 1061 1264 antiquiores
1084 1197 1142 1252 edi-

126 1268 218 1322 tiones
245 1283 337 1336 neque
363 1266 451 1321 libros
476 1283 562 1320 manu
585 1268 704 1336 scriptos
729 1266 881 1335 diligenter
909 1267 1077 1336 adhibuerit,
1106 1269 1143 1322 ad

126 1357 208 1393 usum
220 1337 430 1409 philologorum
448 1355 505 1392 non
524 1335 653 1404 sufficiat,
673 1338 810 1391 maximas
825 1353 906 1392 curas
919 1355 1010 1393 novae
1025 1338 1144 1395 editioni

126 1411 260 1481 impendi.
297 1410 372 1465 Nolo
391 1411 487 1463 tamen
498 1427 551 1484 pro
567 1407 700 1463 absoluta
717 1410 872 1475 venditare,
892 1425 964 1478 quae
979 1410 1049 1464 satis
1064 1411 1143 1467 firmo

127 1482 215 1536 ctiam
235 1485 332 1536 careat
349 1481 542 1536 fundamento.
579 1478 654 1533 Nam
667 1479 785 1532 ‘'etiamsi
805 1479 865 1549 ipse
885 1480 966 1536 codd.
982 1480 1095 1536 VHGL
1115 1487 1144 1537 et

127 1553 207 1608 editt.
217 1549 411 1606 Victorianam
424 1551 661 1618 Pauwianamque
675 1549 887 1604 accuratissime
902 1551 1018 1620 contuli,
1036 1554 1144 1608 tenuis-

127 1624 227 1678 simam
253 1627 329 1692 apud
347 1621 524 1676 Dindorfium
546 1620 657 1686 invenis
681 1619 792 1690 copiam
815 1623 957 1676 variarum
979 1622 1146 1689 lectionum,

127 1695 203 1764 apud
228 1693 401 1762 antiquiores
424 1691 546 1760 nullam,
571 1704 662 1760 neque
687 1690 755 1760 qaid
777 1690 938 1746 Dindorfius
960 1709 1051 1762 neque
1074 1694 1144 1763 quid

129 1765 303 1834 antiquiores
332 1764 501 1820 coniecturis
529 1765 580 1818 aut
601 1762 775 1819 ¹correcturis
802 1763 949 1833 posuerint
976 1766 1144 1820 adnotatum

129 1838 217 1892 extat.
962 1852 969 1866 ·

198 1907 297 1976 Itaque
323 1906 430 1960 utiam
450 1906 485 1960 de
514 1904 659 1960 codicibus
682 1903 791 1974 loquar,
816 1905 999 1961 SeeImannus
1022 1905 1053 1961 in
1076 1907 1145 1965 diss.

129 1979 164 2033 de
179 1977 385 2048 propagatione
401 1976 571 2032 scholiorum
584 1976 805 2044 Aeschyleomm
820 1979 940 2032 stemma
953 1979 1029 2047 quod
1042 1978 1145 2033 dicitnr

127 2049 213 2104 nimis
241 2050 375 2104 audacter
399 2047 539 2104 effinxisse
563 2047 635 2102 mihi
650 2048 778 2104 ridetur.
820 2048 996 2118 Quamquam
1022 2051 1144 2105 concedo

128 2120 209 2178 codd.
228 2119 372 2175 Parisinos
392 2121 480 2174 artius
499 2121 573 2174 inter
591 2136 622 2174 se
641 2119 790 2174 cohaerere
808 2119 906 2173 videri.

200 2191 259 2246 Nec
277 2191 371 2244 minus
389 2192 449 2245 veri
464 2189 557 2245 simile
571 2189 680 2244 iudices
694 2187 776 2246 codd.
791 2189 816 2242 V
831 2193 860 2244 et
873 2192 899 2244 H
914 2190 1057 2246 continere
1073 2191 1145 2247 eius-

129 2265 194 2318 dem
212 2261 328 2331 originis
347 2261 464 2328 scholia,
482 2263 513 2316 id
532 2262 608 2329 quod
627 2261 671 2315 his
688 2260 787 2330 paucis
806 2260 942 2330 exemplis
957 2293 989 2304 -
1004 2263 1146 2333 permulta

129 2332 238 2388 adicias
255 2364 292 2374 —
310 2334 503 2386 demonstrare
523 2335 592 2385 satis
611 2331 717 2386 habco:
954 2387 956 2392 .

203 2404 260 2457 sch.
276 2409 328 2457 356
346 2402 452 2472 legitur
471 2403 508 2464 ὡς
525 2401 655 2472 μέλλουσι
673 2409 775 2472 φυγεῖν
795 2399 825 2456 οἰ
834 2399 975 2473 Ἕλληνες.
1012 2413 1094 2459 τοῦτο
1113 2403 1145 2461 δὲ

130 2471 271 2543 ἐποίησεν,
297 2476 346 2528 ἵνα
365 2469 396 2528 ἐν
419 2474 579 2542 ἀπογνώσει
597 2473 732 2544 μάχοιντο
751 2471 781 2528 ολ
790 2471 937 2543 Ἕλληνες,
960 2475 1010 2530 scd
1029 2477 1055 2529 V
1073 2480 1103 2530 et
1121 2477 1146 2530 H

129 2564 183 2602 om.
198 2547 286 2600 verba
308 2552 390 2599 τοῦτο
414 2541 446 2599 dl
462 2587 468 2600 .
484 2542 641 2613 ,Ἕλληνεμ
662 2577 695 2586 -
715 2545 772 2599 sch.
788 2552 840 2600 399
860 2553 903 2600 est
925 2545 978 2614 τὴν
993 2545 1144 2603 θάλασσαν

128 2618 181 2709 τὴν
201 2615 316 2690 βρύχιον
335 2616 383 2674 καὶ
407 2617 539 2688 βαθεῖαν.
576 2616 608 2670 τὸ
623 2613 664 2699 ’δὲ
708 2615 805 2685 ρύχιον
828 2618 1146 2688 κτλ.,εε(1νοιὶ)οτὴν

130 2691 247 2816 {illst
270 2687 321 2822 {ll
334 2687 652 2840 illitttttttss}
671 2687 1147 2840 spailsspi⁰lsffiol¹iiliff

74 2857 77 2863 ·
131 2840 229 2902 ρῆσαν.
250 2861 284 2872 -
305 2831 361 2884 sch.
378 2837 430 2884 523
453 2847 504 2898 pro
523 2829 617 2884 verbis
635 2830 718 2883 mitio
738 2847 849 2883 omsssss
867 2829 938 2898 πρὸς
955 2831 1005 2884 τὸν
1023 2830 1108 2900 χορὸν
1128 2831 1146 2901 ἡ

125 2901 240 3028 'usogast
258 2918 347 2971 φησιν
365 2906 466 2970 postea
487 2900 588 2955 inserit
605 2903 736 2969 uterque=
760 2909 842 2955 τοῦτο
866 2898 899 2956 δὲ
918 2898 992 2970 λέγει
1008 2900 1079 2969 πρὸς
1096 2901 1147 2956 τὸν

148 2994 163 3028 ο
199 2993 224 3028 ν.

130 2994 180 3044 Ν
202 3042 325 3097 Maxime
350 3044 446 3098 autem
469 3041 588 3097 interest
605 3045 754 3112 utrumque
778 3041 816 3096 ad
840 3043 948 3097 scholia
972 3041 1148 3099 emendanda

131 3114 253 3169 multum
266 3115 368 3168 valere.
407 3112 550 3168 Nonnulla
564 3113 690 3168 delibare
704 3113 792 3168 liceat
805 3131 839 3168 ex
854 3115 895 3168 eis
910 3112 1055 3184 exemplis,
1074 3132 1147 3183 quae

132 3201 299 3240 consensum
318 3184 423 3240 codicis
442 3187 471 3240 M
490 3186 634 3256 praebent.
1085 3194 1088 3202 ’

204 3256 261 3310 sch.
279 3261 328 3310 168
349 3255 364 3310 ὅ
383 3251 459 3311 ἔστιν
478 3255 576 3323 VHM,
595 3255 738 3311 τουτέστιν
756 3255 843 3325 vulgo
861 3255 915 3311 Dd.

204 3327 262 3383 sch.
276 3334 326 3381 431
347 3329 437 3382 λείτιει
451 3327 503 3396 τὴν
518 3326 610 3398 μάχνν
626 3328 723 3391 vHM,
740 3327 874 3382 λείπειτὸ
888 3326 941 3396 τὴν
955 3326 1049 3398 μάχην
1062 3329 1148 3398 vulgo
1198 3337 1206 3352 ·

130 3398 183 3454 Dd.
198 3430 233 3440 -
248 3399 307 3454 soh.
321 3403 374 3452 483
389 3393 557 3466 ἐκεῖῩΗΜ,
572 3360 662 3454 ἐκεῖσε
676 3397 862 3468 vulgoDd.-
872 3397 929 3453 sch.
945 3402 996 3452 860
1011 3398 1150 3469 τολμήσας

133 3466 246 3539 ἐποίησε
256 3467 283 3523 V
297 3467 335 3538 (H
349 3486 403 3523 om.
415 3469 523 3539 schol),
541 3469 678 3540 τολμήσας
693 3464 825 3537 ἐποίησιν
834 3467 872 3537 Μ,
887 3463 1018 3538 ἐτόλμησε
1032 3478 1150 3539 ποιῆσαι

132 3541 218 3611 vulgo
237 3540 290 3595 Dd.
310 3569 345 3580 -
364 3538 421 3595 sch.
439 3546 472 3593 16
496 3557 560 3594 cum
582 3539 697 3594 initium
720 3539 827 3608 optime
850 3541 993 3593 servatum
1013 3549 1057 3594 est
1075 3542 1105 3594 in
1124 3543 1149 3594 V
