2652 3866
513 139 551 190 IN
569 138 601 192 V.
621 140 772 191 863-870.

136 297 336 364 διευθέτουν
381 294 523 386 (*7στων
557 321 615 364 scr.

135 407 191 471 alt.
205 402 262 492 m.)
274 405 314 470 V.
331 443 369 452 -
392 406 457 471 863
476 404 540 470 ἀπὸ
559 414 617 489 τῆς

135 511 348 597 ὑποστροφῆς
370 523 437 578 τῶν
460 510 616 597 πολέμων

135 671 176 737 V.
197 709 235 720 -
262 673 328 738 865
351 666 389 738 εὖ
412 636 617 759 πράσσοντὲἓ

136 775 226 868 (εἰο)]
242 776 316 844 ἀντὶ
335 788 395 844 τοῦ
408 787 617 865 πορθοῦντες
707 823 717 856 ,-

136 885 177 951 V.
200 923 236 933 -
263 881 360 970 ἆγον]
383 909 404 969 η
426 909 522 970 super
541 911 562 952 α
577 886 615 970 V,

137 1014 234 1076 super
259 993 339 1058 illud
366 991 469 1070 *τοὺς
492 994 617 1080 ἄνδρας

136 1097 176 1163 ν,
203 1137 241 1146 .-

139 2005 203 2070 866
229 2003 484 2089 *θαυμαστικὸν
507 2001 547 2067 V.
577 2039 615 2050 -

139 2109 277 2190 ὑπέταξε
291 2110 331 2176 V.
345 2147 389 2157 -
404 2111 468 2176 867
489 2110 619 2193 *ἤγουν

139 2217 203 2303 πρὸ
225 2225 286 2282 τοῦ
304 2226 445 2303 περᾶσαι
464 2214 619 2304 (περασαι

139 2321 221 2411 eod.)
254 2325 314 2390 τὸν
337 2321 441 2390 ’Ἅλυν
470 2324 619 2408 ποταμὸν

17 2463 20 2470 .
139 2431 245 2496 V·-

141 2645 204 2710 869
230 2641 415 2729 *ὁρμηθεὶς
433 2643 473 2709 V.
493 2679 534 2690 --

142 3285 207 3350 870
230 3284 375 3368 ποταμὸς
394 3283 434 3350 V.
452 3321 498 3334 -

1084 133 1149 200 237

670 297 753 383 με’νη
793 304 886 363 θεῶν
932 305 1151 384 πορθοῦντες,

670 404 711 471 οὐ
725 404 853 489 τάφους
867 403 1089 486 ἀνασπῶντες,
1107 405 1152 482 ὡς

670 509 794 596 Ξέρξης
808 514 974 595 τολμήσας
986 511 1151 595 ἐποίησεν.

670 654 714 664 -
754 621 947 702 περιβόητοι
989 613 1073 702 ἦμεν
1115 617 1152 684 ἐν

670 723 813 813 πολέμῳ.
831 761 867 772 -
890 725 955 791 862
972 725 1013 790 τὰ
1026 727 1152 810 νόμιμα

671 855 778 897 παντα
809 843 877 897 τῶν
902 829 1153 916 τετειχισμένον

671 941 811 1004 πόλεων.
839 975 882 985 -—
916 938 952 1004 oc
978 934 1015 1004 δὲ
1043 938 1153 1022 δημω-

671 1051 782 1130 φελεῖς
801 1047 899 1130 δῆμοι
918 1043 1055 1132 (θεσμοὶ
1071 1067 1153 1111 corr.

671 1150 810 1238 Weckl.)
846 1153 953 1218 πάντα
990 1151 1153 1218 ἐπολιτεύ-

672 1282 760 1324 οντο.
781 1296 819 1307 -

673 2003 737 2068 866
755 2004 793 2068 τὸ
813 2003 892 2079 ὅσας
909 2009 1154 2088 θαυμαστικῶς.

672 2118 711 2194 τῇ
735 2109 833 2195 ἀρετῇ
849 2106 1013 2194 Ἕλληνας
1033 2109 1154 2176 ὑπέτα-

673 2217 739 2300 ξεν,
777 2216 838 2282 οὐκ
875 2216 1001 2304 ἀνάγκῃ
1035 2217 1053 2283 ὁ
1085 2225 1155 2283 Δα-

674 2334 770 2409 ρεῖος.
792 2359 830 2371 -

675 2645 740 2710 869
771 2640 973 2730 σκληροτέρα
1002 2643 1023 2727 ἡ
1054 2659 1156 2709 συνα-

674 2751 776 2835 λοιφῇ
792 2749 975 2839 (συναλιφὴ
990 2746 1037 2838 m)
1056 2770 1155 2815 ποτα-

675 2854 778 2942 μουδὲ
818 2852 894 2942 ἀφ’,
917 2855 1039 2940 ἑστίας,
1083 2849 1156 2922 οἶόν
1213 2893 1214 2897 ,

675 2964 744 3030 ἐστι
788 2965 826 3028 τὸ
876 2961 1035 3029 τουένεαα
1080 2965 1156 3029 τού-

674 3094 763 3135 νεκα.
782 3108 826 3118 -

676 3284 742 3350 ειο
758 3283 803 3359 σε
821 3279 1157 3368 μέτοιὛπεοβοιέων
1289 3265 1291 3268 ’

675 3390 939 3475 παρατεινούσης
968 3398 1025 3474 τῆς
1055 3389 1158 3476 ἀρχῆς
1222 3477 1224 3486 ,
1315 3409 1317 3420 ’

676 3503 826 3582 Περσῶν.
851 3534 894 3543 -
