2632 3878
569 207 781 262 PRAEFATIO.
1080 209 1182 259 XXXV

173 407 182 416 ·
239 367 314 435 soh.
334 367 367 434 M
387 365 458 432 878
482 371 572 433 extat
596 370 633 434 αί
648 370 738 456 παρὰ
756 371 815 435 τὸν
829 363 1074 454 Ἑλλήσποντον
1093 374 1183 452 οίκη-

170 493 227 541 σιν
255 475 433 560 αὐχοῦσαι,
463 476 547 558 quod
578 498 617 540 ex
645 477 676 542 A
703 477 839 542 correxi:
868 477 905 540 ul
928 474 1003 560 περὶ
1033 478 1092 544 τὸν
1110 473 1182 540 Ἐλ-

167 585 369 667 λησποντον,
395 587 526 665 οίκησιν
563 584 708 667 ἔχουσαι.
762 581 847 648 Nam
882 582 1062 668 Aeschyleo
1096 580 1182 668 ἀμφὶ

168 690 264 754 debet
287 689 481 773 respondere
504 691 588 774 περί.

234 793 310 862 soh.
328 793 364 860 M
383 792 430 860 80
453 791 540 871 τινὲς
562 796 637 880 γὰρ,
662 796 728 862 sch.
746 794 777 861 A
796 799 830 862 et
848 795 967 860 arohel.
990 791 1076 872 τινὲς
1100 792 1145 860 δὲ.

234 899 310 967 soh.
329 900 364 966 M
384 899 453 966 128
473 899 556 988 πέση
575 900 723 987 πέπλοις,
741 901 962 968 Kirohhoffius
981 924 1074 968 corn:
1096 899 1181 987 πέση

168 1006 205 1074 ἐν
232 1005 383 1090 πέπλοις,
416 1031 513 1092 quam
547 1009 716 1093 archetypi
749 1009 922 1074 lectionem
953 1007 1054 1074 fuisse
1087 1009 1183 1073 docel

169 1115 235 1180 sch.
254 1117 284 1179 A
309 1115 415 1206 vecbis
439 1113 523 1200 πέσῃ
547 1113 843 1192 speciosissime.

235 1220 309 1289 soh.
333 1220 367 1287 M
395 1217 463 1286 138
497 1218 550 1286 ἐπὶ
581 1223 619 1287 τὸ
651 1227 803 1305 πενθεῖν,
834 1221 1056 1288 Kirchhoffius
1088 1243 1180 1288 corut

158 1325 220 1420 ἱἐπὶ
242 1329 287 1416 τῷ
311 1333 463 1412 πενθεῖν,
486 1329 571 1412 quod
590 1333 627 1394 ul
650 1329 685 1392 in
707 1327 746 1406 A,
769 1329 817 1392 ita
839 1331 873 1392 in
897 1328 1017 1394 archei.
1040 1327 1112 1394 fuit.
1231 1380 1234 1384 .

199 1499 202 1508 ,
234 1433 308 1502 soh.
327 1433 362 1499 M
381 1431 451 1498 313
476 1433 683 1519 συνέκρουον
708 1436 831 1517 ἄλλοις,
856 1436 899 1520 gl.
916 1433 957 1520 V,
980 1435 1047 1502 sch.
1065 1435 1106 1520 A,
1130 1459 1181 1500 ar·
1252 1505 1253 1508 ,

167 1539 261 1606 chela
294 1540 501 1622 συνέκρουον
533 1540 704 1626 ἀλληλοις,
738 1533 823 1626 quod
850 1541 984 1606 Kirohh.
1006 1543 1040 1606 iu
1069 1541 1106 1606 M
1133 1565 1181 1607 re·

167 1648 283 1712 stituit.
1067 1709 1069 1712 .

236 1755 287 1820 Ad
319 1755 400 1821 haec
433 1743 580 1840 exempla
613 1777 651 1820 ea
679 1755 850 1840 accedunt,
881 1778 963 1840 quae
988 1777 1181 1821 consensum

168 1861 366 1927 scholiorum
386 1860 494 1926 AMV
513 1862 677 1926 exhibent.¹
716 1860 884 1927 Nonnulla
901 1865 1012 1926 lamen
1031 1863 1078 1926 ila
1097 1884 1181 1927 com-

168 1970 285 2050 parata
308 1972 396 2051 sunt,
425 1974 462 2032 ut
486 1968 672 2052 arbitrium,
700 1990 762 2052 quo
788 1968 987 2052 Byzantinus
1011 1969 1181 2054 archetypi

168 2073 301 2138 scholiis
329 2095 407 2138 usus
431 2075 490 2156 sih,
517 2095 704 2158 cognoscas,
759 2076 864 2158 Atque
897 2095 935 2138 ea
965 2076 1035 2138 sola
1061 2074 1181 2140 adfero.

167 2179 321 2264 Legimus
351 2181 385 2243 iu
412 2177 481 2244 MV
500 2177 575 2246 Μ
605 2181 687 2244 κατὰ
709 2181 819 2264 τιμὴν,
847 2176 935 2244 inA
967 2179 1011 2256 ὡς
1037 2181 1179 2264 πρεσβύ-

164 2309 223 2364 τας
254 2284 309 2352 καὶ
342 2285 494 2373 ἐντίμους
527 2287 640 2369 ὄντας,
677 2297 776 2352 τοῦτο
808 2287 872 2370 γὰρ
905 2287 1002 2369 δηλοῑ
1030 2287 1067 2351 τὸ
1095 2288 1177 2351 κατὰ

165 2396 353 2479 πρεσβείαν.
985 2469 991 2480 ,

232 2499 302 2566 MV
319 2518 352 2569 v.
373 2498 419 2566 88
443 2499 612 2588 ἀνδρεῖος,
643 2501 781 2582 δόκησιν
808 2498 883 2585 περὶ
912 2498 1032 2566 ἑαυτοῦ
1061 2501 1180 2586 (αὑτοῦ

165 2606 211 2694 V)
236 2610 320 2693 ἔχων
348 2605 560 2693 μεγάλην,ι1
590 2608 681 2684 οὔτις
709 2605 745 2672 δὲ
775 2608 910 2692 δόκιμος
936 2610 1009 2692 ἤτοι
1040 2620 1178 2695 φρονῶν

167 2714 272 2802 ἑαυτῷ
296 2713 350 2780 καὶ
371 2716 481 2780 δοκῶν
499 2711 554 2779 καὶ
574 2721 711 2800 θαρρῶν
733 2713 786 2799 (ex
804 2737 865 2780 usu
882 2715 1073 2800 posterioris
1092 2720 1179 2780 aeta-

165 2823 208 2886 us
233 2819 452 2910 scriptorum).

122 2999 124 3004 ,
232 2927 390 2994 111231
416 2931 447 2993 εἰ
468 2933 680 3014 ληφθείησαν
704 2930 742 2994 αί
757 2927 909 3014 Ἀθῆναι,
932 2929 966 2992 in
984 2923 1016 2992 A
1036 2929 1178 3012 amplius

168 3035 315 3101 scholion
338 3037 412 3100 inde
436 3037 661 3119 compositum.
754 3044 758 3052 '

232 3142 267 3209 M
287 3139 355 3206 327
381 3141 445 3206 ἀπὸ
465 3145 602 3224 πόλεως,
620 3140 651 3206 1
670 3141 688 3207 ὁ
708 3141 771 3207 ἀπὸ
791 3145 918 3218 πόλεως
935 3143 1072 3227 Λύρνης
1092 3139 1179 3230 (pro-

165 3249 249 3316 feclo
282 3249 464 3315 accuratius
498 3252 531 3314 eh
562 3247 709 3338 melius),
753 3245 785 3314 A
825 3249 862 3314 τὸ
899 3246 995 3332 γένος
1032 3249 1079 3314 διν
1111 3249 1174 3314 ἀπὸ

164 3357 302 3441 Λύρνης
324 3365 382 3440 τῆς
405 3356 513 3440 χώρας
536 3353 743 3441 (perperam).

233 3461 394 3528 111418
426 3461 478 3527 ἐπὶ
511 3466 660 3548 Δαρείου
693 3461 760 3548 (ἐπὶ
787 3472 848 3528 τοῦ
877 3467 1026 3548 Δαρείου
1052 3463 1113 3549 1),
1144 3458 1176 3526 A

167 3567 227 3646 οὓς
251 3573 397 3654 Δαρεῖος
419 3574 602 3653 πολεμῆσαι
624 3580 694 3647 τοϊς
713 3567 906 3654 Ἀθηναίοις
929 3569 1105 3636 ἀπέστειλε.

978 3673 1017 3727 c*
