2628 3892
462 233 672 284 ADNO'I'ATIO
693 231 846 285 CRITICA.
1097 236 1161 285 LIX

215 391 273 447 sch.
288 398 340 446 523
359 409 410 462 pro
429 391 500 460 πρὸς
517 391 567 446 τὸν
581 389 665 460 χορὸν
680 386 820 458 ήἍτοσσό
835 406 935 459 φησιν·
954 392 1033 461 ὑμεῖς
1048 433 1071 446 ..
1088 387 1161 462 ἐκρί-

143 483 224 519 νατει
243 465 361 534 ὑμεῖς..
376 458 514 532 ἐκρίνατε,
532 471 614 524 τοῦτο
633 459 665 516 δὲ
684 459 759 531 λέχει
777 462 847 531 πρὸς
864 461 914 516 τὸν
932 463 1017 532 χορὸν
1036 463 1101 517 VH.

216 537 273 589 sch.
290 541 341 590 188
359 551 411 604 pro
430 533 479 588 καὶ
498 540 575 602 σχεῖν
595 528 626 588 ἐκ
644 530 697 601 μὲν
715 532 908 602 Παρθενόπης
923 577 929 588 .
942 575 966 602 .,
986 529 1018 588 ἐκ
1036 531 1068 589 δὲ
1084 537 1160 604 Πομ-

143 605 281 677 φολύχηςι
305 601 337 660 ἐκ
356 603 408 676 μὲν
432 601 482 660 οὐν
501 603 691 674 Πομφολύχης
710 611 787 673 σχεῖν
803 645 846 671 ..‚
865 600 897 658 ἐκ
916 601 948 658 δὲ
967 603 1161 674 Παρθενόπης

144 678 178 744 V,
197 681 230 731 ut
249 675 399 743 οὸὶειεικαε,
419 675 468 744 qui
487 678 531 730 est
548 674 623 728 inter
642 674 736 742 verba,
756 674 854 742 qualia
871 674 957 744 vulgo
971 675 1111 744 legemur,
1131 679 1161 730 et

143 748 293 802 antecedd.
308 744 441 815 (Ἄνδρων
456 788 480 802 ..
495 764 565 816 φησι
583 745 633 800 τὸν
644 743 780 800 Ὠκεανὸν
799 753 886 816 χῆμαι
900 747 1093 818 Πομφολύχην
1111 747 1160 802 καὶ

84 837 88 844 ·
142 817 360 888 Παρθενόπην),
379 819 528 872 deleretur.

216 890 334 960 Saepius
362 889 520 944 sententiae
546 886 764 954 conflabuntur,
792 887 823 941 id
851 889 927 958 quod
955 888 1075 943 fortasse
1102 907 1160 944 non

142 963 204 1014 tam
222 961 377 1014 scribarum
391 959 518 1026 arbitrio,
537 976 623 1028 quam
638 958 778 1028 angustiis
793 959 879 1029 spatii
892 959 1066 1030 marginalis,
1086 977 1159 1029 quae

143 1049 191 1086 eos
211 1035 372 1102 coegerunt,
390 1031 569 1087 tribuendum
589 1033 640 1086 est.

215 1103 274 1158 sch.
297 1109 348 1157 ⁶⁷9
376 1103 463 1157 verba
489 1101 623 1157 ἀναύδων
652 1098 683 1156 δὸ
711 1103 823 1156 παίδων
850 1109 900 1170 τῆς
930 1100 1077 1171 θαλάσσης
1104 1109 1160 1158 τῶν

142 1173 254 1244 ἰχθύων
272 1172 346 1245 λέχει
364 1191 418 1229 om.
434 1173 466 1242 Ο,
486 1173 534 1241 qui
552 1172 649 1242 paullo
669 1190 754 1242 supra
769 1203 801 1212 —
818 1189 855 1226 οε.
874 1175 940 1242 post
959 1174 1093 1228 ἀναύδων
1110 1174 1160 1229 καλ

141 1247 268 1315 ἀφώνων
287 1247 398 1300 παίδων
416 1274 453 1286 -
471 1243 580 1298 inserta
597 1245 685 1297 habet
702 1243 790 1297 verba
809 1242 871 1310 ήτοι
889 1251 944 1300 τῶν
963 1243 1080 1314 ίχθύων.

215 1317 272 1371 seh.
288 1323 322 1371 50
341 1319 411 1371 haee
429 1315 460 1370 in
474 1317 512 1369 V:
531 1317 639 1385 γίνεται
658 1311 689 1368 δὲ
709 1313 834 1378 ἀπὸτοῦ
854 1313 922 1370 στέω
944 1315 1030 1370 στεύω
1050 1317 1087 1380 ὡς
1105 1314 1159 1386 χόα

144 1388 225 1457 χεύω.
263 1386 317 1456 ἀφ’
336 1381 369 1442 οὑ
387 1387 418 1442 τὸ
432 1385 596 1455 παθητικὸν
611 1386 757 1440 στεύονται
771 1384 820 1440 καὶ
835 1380 866 1440 ἐν
881 1395 1005 1456 ουχκοπῇ
1021 1396 1158 1442 στεὺνται.

143 1459 231 1514 στεύω
259 1457 291 1513 δὲ
319 1459 422 1523 κυρίως
443 1459 475 1512 τὸ
500 1459 657 1526 ὑφίσταμαι
682 1456 731 1510 καλ
753 1455 885 1525 ὑπομένω
909 1459 1042 1526 ἀσφαλῶς
1065 1461 1160 1521 κίονος

144 1532 235 1598 δίκην.
271 1529 321 1585 καὶ
338 1526 458 1600 Ὅμηρος
482 1529 605 1583 *στεῦται
631 1525 684 1598 χοίρ
710 1547 737 1582 τι
762 1525 829 1591 ἔπος
856 1523 946 1598 ἐρέειν
972 1531 1160 1598 κορυθαίολος

136 1599 269 1670 ’Ἔατωρῖ
307 1601 362 1656 Sed
380 1601 411 1654 in
424 1601 458 1656 P:
478 1602 586 1670 γίνεται
605 1597 638 1654 δὲ
657 1599 689 1653 τὸ
709 1607 838 1654 στεὺνται
852 1599 909 1654 ἀπὸ
923 1608 973 1654 τοὺ
988 1597 1057 1654 στέω
1072 1601 1158 1656 στεύω

142 1674 290 1727 στεύονται
316 1671 365 1726 καί
388 1671 461 1726 κατὰ
484 1669 628 1742 ουχκοπήν
652 1679 781 1726 στεῠνται
804 1671 841 1734 ὡς
863 1669 917 1740 χέω
937 1671 1008 1741 χεύω
1027 1671 1159 1741 χεύονται

162 1752 266 1800 εῶνται.

143 1763 160 1813 κ
215 1817 272 1868 soh.
288 1820 339 1869 705
357 1812 472 1868 initium
490 1813 531 1867 sic
549 1812 580 1866 in
597 1812 636 1866 H:

215 1881 275 1938 ἀλλ’
298 1880 359 1940 ἐπεὶ
381 1883 458 1974 δύοςι
482 1882 610 1974 είμόντμς
632 1891 682 1938 τοῦ
701 1891 786 1954 χοροῦ
804 1883 874 1954 πρὸς
892 1883 1093 1974 τὸνῚΔαρεῖον,
1116 1883 1159 1940 ότι

141 1958 287 2096 &W
300 1953 743 2098 ίὺώίίιίὺἔαιόαῗίεὑήόὲἶ
761 1954 1159 2096 ἔλῖἰίλὺίὺιίῗήόίίἕλῗ

140 2103 208 2170 θῇς,
228 2096 297 2166 φησὶ
315 2097 385 2163 πρὸς
404 2097 491 2150 αὐτὸν
509 2095 524 2150 ό
543 2101 672 2164 Δαρεῖος.

214 2168 321 2221 Eadem
339 2169 531 2236 agnoscuntur
548 2167 579 2220 in
598 2166 716 2235 vulgata
734 2165 865 2232 lectione,
884 2166 915 2220 in
933 2183 990 2236 qua
1004 2167 1092 2222 verba
1110 2169 1159 2224 ἵνα

139 2237 1159 2378 λὺιόεὺὑὺλῗῖῗλῖεῗὲλὺἔιΡὺἵὺῗῖὑῖὑᾛὲἓῗιὲῗὺἣίὺἒὲῗλιώῗὺ

144 2383 199 2438 Sed
219 2381 338 2437 consilio
357 2380 444 2435 verba
463 2383 609 2436 contracta
628 2379 736 2434 suntin
752 2379 785 2448 V,
803 2379 853 2434 ubi
868 2379 995 2446 εἰπόντος
1008 2389 1058 2436 τοῦ
1073 2391 1157 2452 χοροῦ

140 2455 213 2523 πρὸς
234 2453 284 2508 τὸν
302 2458 435 2522 Δαρεῖον,
461 2450 503 2507 ότι
527 2454 671 2525 φοβοῦμαι
692 2449 744 2521 μὸν
762 2450 812 2506 καὶ
834 2451 870 2506 τὺι
893 2451 971 2521 ἄλλα,
996 2453 1067 2523 φησὶ
1088 2454 1159 2523 πρὸς

142 2525 231 2580 αὑτὸν
250 2524 265 2578 ὁ
284 2529 405 2594 Δαρεῖος
424 2527 453 2578 et
470 2523 501 2576 in
518 2523 598 2578 libris
617 2521 765 2590 Dindorfii‚
788 2522 839 2576 ubi
858 2521 987 2586 εἰπόντος
1004 2533 1054 2579 τοῦ
1073 2533 1158 2594 χοροῦ

140 2596 178 2650 τὰ
196 2593 387 2666 προειρημένα
406 2598 453 2664 (sc.
472 2596 502 2648 in
521 2595 608 2648 schol.
628 2594 766 2663 anteced.)
786 2594 855 2664 φησὶ
873 2595 943 2662 πρὸς
962 2595 1049 2650 αὐτὸν
1068 2595 1159 2650 ὸΔα-

161 2674 224 2730 εἷος.

141 2689 158 2736 ρ
215 2739 339 2793 seh.375
358 2737 430 2790 haec
448 2752 491 2806 ap.
510 2737 577 2790 Dd.=

213 2817 270 2872 πᾶς
297 2827 326 2862 τε
356 2807 429 2877 ἀνὴρ
454 2807 586 2870 ναυτικὸς
615 2806 667 2876 τήν
695 2805 849 2878 εὐήρετμον
881 2807 979 2876 κώπην
1007 2802 1158 2873 ἐδέσμευεν

145 2879 221 2950 ἀμφὶ
238 2881 288 2934 τὸν
307 2879 430 2949 σκαλμὸν
450 2874 480 2934 όν
499 2884 536 2952 τῷ
555 2885 720 2949 τροπωτῆρι.
759 2877 816 2933 ἔστι
835 2876 866 2933 δὲ
886 2879 1006 2948 σκαλμὺς
1024 2878 1059 2932 τόι
1074 2873 1105 2934 ἐν
1119 2883 1157 2952 τῷ

142 2949 228 3021 χείλει
245 2959 294 3019 τῆς
312 2951 382 3014 νεὼς
400 2950 477 3018 ξύλα,
497 2945 527 3005 ἐν
547 2948 589 3013 οίς
607 2948 640 3004 αί
652 2958 745 3004 κῶπαι
764 2947 902 3004 δέδενται.
930 2949 1076 3019 τροπωτὴρ
1095 2947 1157 3005 δὲὺ

141 3027 238 3091 λῶρος,
265 3019 304 3076 δι’
326 3017 359 3076 οὑ
385 3021 582 3091 δεσμεύονται·
610 3018 628 3089 ἢ
655 3019 754 3084 οὑτως·
782 3019 857 3091 ἀμφὶ
883 3020 932 3076 τὸν
958 3021 1082 3090 σκαλμὸν
1108 3021 1158 3077 τὸν

142 3094 295 3164 εὐήρετμον
314 3087 465 3163 ἐτροποῦτο
489 3092 539 3147 καὶ
561 3091 611 3146 διὺι
628 3099 679 3146 τοῦ
701 3099 878 3162 τροπωτῆρος
900 3091 952 3161 τὴν
975 3093 1073 3162 κώπην
1097 3089 1159 3148 ἐδέ-

141 3182 160 3218 σ
180 3183 253 3220 ευεν.

160 3185 179 3234 μ
213 3235 267 3289 Pro
287 3233 389 3304 quibus
406 3235 491 3304 vulgo
507 3236 536 3288 et
549 3233 580 3288 in
594 3235 620 3287 V
638 3235 668 3287 ελ
681 3235 707 3287 H
720 3234 792 3288 haec
806 3233 952 3302 leguntur:
970 3242 1027 3297 πᾶς
1039 3253 1069 3289 τε
1084 3234 1157 3304 ἀνὴρ

142 3306 275 3369 ναυτικὸς
292 3305 344 3374 τήν
363 3305 516 3376 εὐήρετμον
535 3306 633 3374 κώπην
652 3299 803 3374 ἐδέσμευεν
819 3304 892 3374 ἀμφὶ
906 3305 957 3360 τὸν
971 3305 1094 3375 σκαλμὸν
1108 3305 1158 3360 καὶ

143 3377 175 3431 τὸ
195 3376 277 3442 ξύλον
296 3373 328 3432 ἐν
346 3382 383 3450 τῷ
401 3383 560 3448 τροπωτηρι
577 3377 627 3430 καί
640 3380 678 3448 τῷ
698 3377 775 3449 λόρῳ
795 3375 856 3444 (sed
870 3373 942 3450 λόγῳ
957 3376 991 3445 Η,
1010 3376 1060 3431 καὶ
1077 3377 1157 3447 χώρα

141 3445 307 3518 συνεδέσμει
324 3447 359 3515 V,
378 3451 426 3516 qui
445 3451 530 3502 antea
548 3443 697 3518 ἐδέσμευεν
717 3449 791 3514 ουκ).

214 3522 312 3588 ltaque
330 3517 417 3574 verba
435 3519 484 3574 καλ
502 3518 533 3574 τὸ
552 3519 636 3586 ξύλον
660 3535 675 3572 ο
693 3517 786 3572 verbis
807 3515 864 3573 ἔστι
882 3515 914 3572 δὲ
934 3518 1055 3589 ωιαλμὺς
1073 3516 1109 3572 τδι
1127 3517 1158 3571 ἐν

142 3592 180 3664 τῷ
199 3592 285 3662 χείλει
302 3598 351 3660 τῆς
369 3589 439 3653 νεώς
458 3590 539 3658 ξύλα,
564 3585 595 3644 ἐν
614 3587 656 3652 οἷς
675 3586 708 3643 αἴ
724 3597 817 3644 κῶπαι
836 3587 979 3657 δέδενται,
1003 3588 1090 3644 verba
1108 3588 1158 3642 καλ
