2626 3870
154 162 198 228 94
584 165 741 218 SOHOLIA

220 328 284 393 277
297 350 365 413 sqq.
411 326 553 393 ὀττοτολε
588 327 732 404 ἀκούσας
759 326 777 392 ὁ
803 329 902 413 χορὸς
933 335 995 392 τοῦ
1027 326 1175 411 ἀγγέλου

153 435 319 516 εἰπόντος,
348 433 399 498 ὅτι
428 436 465 499 αλ
491 433 585 499 ἀκταὶ
608 443 666 518 τῆς
689 438 882 519 Σαλαμῖνος
904 432 959 499 καὶ
982 444 1045 511 πᾶς
1068 439 1170 514 τόπος

153 544 325 627 πρόχορος
354 538 408 606 καλ
433 544 559 619 πλατὺς
581 539 637 606 καὶ
656 533 845 626 εὐρύχωρος
862 539 1004 625 γέμουσι
1028 552 1096 607 τῶν
1118 567 1173 608 νε-

154 659 254 730 κρῶν,
284 651 381 732 φησί·
413 657 493 732 φεῦ,
516 649 557 712 τὰ
584 650 719 732 σώματα
745 651 942 732 τῶνφίλων
967 652 1111 733 Περσῶν
1133 651 1174 714 τὰ

126 775 138 816 5
152 757 331 838 πολυβαφῆ
347 755 412 820 ὑπὸ
427 764 488 820 τοῦ
502 755 639 838 αἵματος
654 755 871 820 ἀποθανόντα
886 753 993 838 λέγεις
1008 754 1174 839 φέρεσθαι

151 860 207 927 καλ
230 863 375 944 ἄγεσθαι
399 861 538 927 ἁλίδονα
561 860 615 926 καὶ
638 862 704 927 ὑπὸ
728 872 786 947 τῆς
809 861 887 938 ἁλὸς
917 861 972 928 καὶ
1000 863 1174 947 θαλάσσης

153 970 342 1052 θονούμενα
369 967 405 1034 ἐν
428 973 604 1052 πλαγκτοῖς
626 969 810 1051 διπλάκεσι,
834 981 905 1046 ταῖς
929 970 991 1035 δύο
1017 968 1119 1048 πλαξί
1132 1008 1171 1018 -

152 1085 210 1159 τῆς
228 1076 403 1158 θαλάσσης
421 1099 457 1140 τε
475 1074 530 1140 καὶ
548 1085 621 1161 γῆς·
645 1076 666 1160 ἢ
686 1077 722 1141 ἐν
736 1081 904 1160 Σαλαμῖνι
918 1074 974 1140 καλ
989 1081 1173 1154 Πλαταιαῖς

154 1181 240 1266 -ἢ
269 1182 314 1260 ὡς
342 1181 384 1246 ἂν
413 1188 501 1248 ελποι
527 1207 577 1260 τις
605 1185 766 1261 διαύλοις.
812 1185 852 1247 τοὶ
880 1185 943 1268 γολρ
971 1185 1099 1268 κύματα
1123 1184 1174 1250 ἐκ-

116 1308 141 1347 10
155 1300 259 1373 χεῖται
282 1287 337 1354 καὶ
361 1289 547 1356 ὑπονοστεῖ.
594 1289 736 1355 OPVH.

241 1447 274 1500 In
297 1449 323 1502 H
346 1449 400 1502 hoc
429 1448 486 1501 sch.
512 1464 575 1501 cum
599 1449 689 1501 οπλοο.
716 1447 896 1502 coniunctum
919 1450 975 1513 σοῖς
1005 1447 1117 1517 legitur
1141 1451 1173 1506 τὸ

154 1515 186 1573 δὲ
206 1516 357 1573 ὀττοτολτοι
376 1517 495 1588 (ὀττοτοῖ
514 1517 545 1571 in
563 1520 643 1572 textu
664 1519 746 1588 HVG
771 1520 799 1572 et
822 1520 925 1573 lemma
944 1519 969 1572 H
990 1519 1090 1574 scholii
1109 1527 1173 1590 271)

156 1621 187 1630 —
204 1588 248 1644 16
263 1589 345 1660 χορὸς
360 1588 484 1652 ἀκούσας
494 1591 518 1642 V
528 1620 564 1630 -
583 1595 598 1643 3
613 1590 662 1643 καλ
676 1589 782 1652 πλατὺς
796 1606 850 1644 om.
864 1589 890 1642 V
905 1621 937 1630 -
953 1589 1001 1644 καλ
1017 1590 1174 1662 εὐρύχωρος

351 1657 448 1714 γέμουσι
458 1661 503 1702 τῶν
511 1663 599 1719 νεκρῶν

154 1714 243 1768 om.O
260 1746 292 1755 -
313 1713 470 1802 εὐρύχωρος
488 1715 557 1784 φησλ
605 1714 631 1767 Η
649 1745 683 1754 -
703 1719 719 1768 5
738 1715 890 1787 πολνβαθῆ
904 1713 937 1780 Η,
957 1718 1133 1786 πολοφραφῆ
1148 1717 1172 1768 V

154 1816 187 1825 -
207 1785 264 1839 ἀπὸ
283 1786 401 1855 αἵματος
423 1806 440 1852 η
465 1785 522 1840 ἀπὸ
540 1785 644 1848 θθατος
662 1784 688 1838 V
711 1816 745 1827 -
773 1783 847 1856 λέγει
865 1785 891 1838 Η
920 1817 953 1827 -
982 1786 1031 1840 καλ
1050 1786 1174 1856 ἄγεσθαι

153 1873 206 1911 om.
225 1855 278 1912 Dd.
309 1889 341 1896 —
373 1864 388 1911 6
414 1865 463 1926 τῆς
485 1856 551 1920 ἁλὸς
574 1856 623 1912 καὶ
641 1873 696 1910 om.
715 1856 768 1910 Dd.
807 1888 840 1898 -
873 1855 1096 1927 καλθαλολσσης
1115 1875 1170 1913 om.

150 1927 207 1981 VH
231 1959 264 1969 —
289 1931 455 1992 ῖπλατιτοῑς
474 1928 555 1983 OPH
576 1961 610 1970 -
637 1927 801 1984 θιπλολνεσσι
819 1927 885 1998 Dd„
913 1927 1061 1984 ὃιπλοίιιεσι
1083 1928 1174 1998 OPH,

153 1998 358 2054 &ulduamV
379 2033 410 2040 -
430 2007 492 2064 ταῖς
510 2000 547 2064 ὡς
566 1998 602 2055 ἂν
621 2000 673 2054 δύο
692 1999 746 2054 Dd.
766 2017 799 2054 ex
818 2002 839 2070 P
859 2031 893 2040 -
913 2005 928 2053 8
948 2019 978 2055 τε
997 2017 1052 2054 om.
1066 2000 1124 2054 VH
1140 2034 1173 2042 -

152 2079 202 2142 τῆς
220 2079 270 2142 γῆς
287 2079 337 2140 τῆς
358 2073 429 2142 (ταῖς
448 2073 483 2140 V)
503 2067 534 2126 ἒν
554 2075 587 2128 Σ.
601 2071 658 2126 VH
678 2103 712 2112 -
731 2078 793 2135 ταῖς
810 2073 861 2126 Πλ.
877 2071 902 2123 H
922 2102 956 2111 —
976 2079 992 2126 9
1012 2068 1030 2139 ἢ
1050 2089 1104 2126 om.
1117 2072 1173 2129 Dd.

153 2173 186 2183 -
207 2145 273 2212 ελπη
292 2145 318 2198 Η
340 2175 371 2184 -
392 2143 512 2198 διαύλασ
529 2143 607 2198 Η.-
619 2142 713 2212 Vulgo
733 2144 812 2197 extass
829 2142 902 2196 nihil
915 2141 972 2196 nisi
987 2142 1073 2200 schol.
1089 2142 1173 2214 Med„

153 2214 203 2268 sed
223 2209 346 2284 ἐγχεῖται
365 2216 395 2269 et
413 2231 457 2284 ap.
476 2214 570 2270 Pauw.
589 2213 755 2269 ὃιτλάκεοοι
774 2217 829 2285 (ap.
844 2213 916 2268 vict.
934 2213 1100 2283 θιαλάκεσι).

220 2894 285 2959 281
326 2891 480 2977 οὐδαμῶς
501 2893 565 2978 γὰρ
588 2893 681 2976 ἤρκει
704 2891 759 2958 καὶ
777 2891 914 2976 ἐβοήθει
932 2903 1003 2970 τοῖς
1023 2889 1170 2978 Πέρσαις

153 2999 194 3063 τὰ
225 2998 312 3078 τόξα.
365 3007 428 3075 πᾶς
460 2995 497 3062 δὲ
529 3000 668 3083 στρατὸς
700 2998 874 3064 ἀπώλλυτο
908 2997 1096 3083 δαμασθεὶς
1133 2998 1170 3064 ἐν

153 3107 357 3187 προσβολαῖς
384 3107 493 3182 ναΐοις
518 3102 574 3170 καὶ
603 3106 659 3170 διὰ
682 3117 774 3190 νηῶν
797 3102 1006 3188 γινομέναις,
1035 3105 1109 3188 ἤτοι
1132 3105 1169 3171 ἐν

154 3213 329 3297 ναυμαχίᾳ.
375 3211 417 3276 V.

226 3373 241 3422 2
262 3364 385 3421 ἀπόλντο
404 3368 429 3421 V
447 3399 478 3409 -
501 3375 517 3423 8
536 3366 699 3439 γινομέναις
717 3385 786 3424 corr.
806 3387 820 3424 e
839 3367 995 3439 γινομένων
1016 3370 1039 3424 V
