2632 3878
567 261 779 312 PRAEFATIO.
1105 261 1184 312 XVII

233 420 315 487 (lum
340 424 449 486 autem
473 421 638 486 homerica
661 420 766 486 forma
790 420 855 486 ἐὼν
878 444 897 486 a
919 421 1054 508 tragicis
1075 421 1182 487 aliene

90 604 94 609 ,
167 529 211 593 sit
238 549 342 612 neque
370 525 575 611 pyrrhichius
598 529 631 592 in
660 528 775 611 quinta
802 529 922 592 senarii
951 529 1024 592 sede
1048 530 1182 594 tolerari

167 637 287 720 possit,
317 633 500 700 Meinehius
530 631 578 720 (in
605 634 681 699 hist.
710 656 790 699 com.
815 633 870 700 Gr.
893 658 923 718 p.
942 634 1023 720 202)
1052 637 1181 722 egregie

166 744 334 808 correxitt·
789 745 791 748 ’

262 864 387 952 Ξέρξης
411 863 441 930 δ’
470 865 547 950 ἐμὸς
569 876 646 942 παῖς
669 863 760 942 ἐνεὸς
784 865 832 930 ὢν
855 865 930 930 ἐνεὰ
954 877 1082 951 φρονεῖ.

167 1010 271 1086 Quam
300 1009 559 1074 emendationem
587 1007 829 1073 Heims'oethius
863 1008 912 1095 (in
945 1033 983 1075 co
1016 1011 1101 1074 libro
1130 1011 1183 1076 cui

95 1144 117 1204 g
165 1117 334 1201 inscripsit
356 1114 523 1180 ‘kritisehe
547 1116 676 1180 studien
699 1137 738 1180 zu
762 1115 824 1179 den
843 1115 1064 1200 griechischen
1083 1119 1182 1202 tragi-

166 1222 258 1287 kern'
282 1247 311 1306 p.
329 1219 407 1308 190)
428 1223 635 1306 glossematis
659 1222 778 1287 codicis
797 1221 869 1288 Par.
885 1221 926 1286 B:
950 1224 1061 1308 μωρὸς
1084 1247 1181 1308 super

165 1328 243 1406 νέος
267 1335 300 1394 et
323 1330 418 1414 μωρὰ
441 1351 537 1414 super
560 1331 620 1394 νέα
643 1332 677 1393 et
699 1329 818 1412 glossis
837 1328 992 1413 Hesychii
1016 1333 1048 1394 et
1066 1331 1120 1398 Et.
1139 1329 1197 1396 M(

165 1437 377 1503 confirmavit.
422 1435 538 1521 Itaque
566 1437 601 1500 in
623 1434 658 1498 M
680 1435 819 1500 traditur
847 1441 904 1500 aut
931 1437 1115 1503 coniectura
1143 1439 1182 1503 li-

164 1544 274 1626 brarii,
298 1544 355 1628 qui
379 1542 444 1608 ἐὼν
468 1543 644 1608 substituto
669 1547 809 1607 metrum
829 1565 943 1606 sanare
968 1545 1100 1629 studuit,
1124 1550 1181 1610 aut

164 1652 316 1734 mendum
347 1672 385 1714 ex
420 1648 496 1727 νέος
526 1652 633 1714 ortum
672 1647 725 1732 (ci.
754 1671 782 1714 v.
808 1648 870 1714 751
903 1648 976 1714 ἐὼν
1006 1657 1113 1716 θεῶν
1141 1651 1181 1736 Η,

166 1759 231 1824 ἐὼν
256 1763 363 1824 ortum
386 1780 425 1822 ex
453 1752 569 1843 θεῶν).
614 1755 702 1820 an
726 1758 904 1841 ceterisque
927 1757 1048 1843 legitur
1072 1759 1181 1825 arche·

162 1867 234 1952 typi
256 1889 320 1931 vox
340 1867 396 1931 ὥν.

163 2036 169 2052 Α,
231 2009 265 2058 ι.
286 1987 355 2054 188
374 1989 563 2072 κασιγνήτω
582 1988 742 2072 praebent
762 1987 831 2053 VH
850 1988 922 2053 Par.
937 1989 977 2072 N,
1000 1995 1181 2074 κασιγνήτα

165 2099 211 2163 Μ.
256 2095 358 2173 Quem
383 2097 424 2161 ad
446 2097 568 2176 locum,
587 2117 636 2158 nc
660 2096 778 2178 longus
805 2096 875 2172 sim,
900 2095 1057 2161 Dindorfii
1081 2100 1180 2162 verba

164 2205 280 2271 afferre
303 2205 410 2286 liceat,
433 2203 489 2286 qui
508 2203 548 2267 ad
568 2201 665 2286 Soph.
685 2200 735 2265 El.
754 2223 783 2266 v.
802 2201 877 2286 977,
901 2202 957 2266 ubi
977 2204 1009 2266 in
1029 2203 1180 2269 omnibus
1273 2283 1279 2298 1

163 2313 257 2376 libris
281 2312 397 2376 ἴδεσθε
419 2309 504 2374 τώδε
531 2308 577 2373 τὼ
600 2309 788 2391 κασιγνήτω
811 2329 871 2392 pro
894 2307 1007 2374 formis
1032 2309 1179 2378 femineis

164 2417 293 2502 legitur,
317 2419 398 2482 haec
421 2416 564 2500 scripsit:

232 2541 297 2608 ‘Sic
324 2543 423 2607 etiam
453 2540 538 2625 apud
561 2541 771 2606 Eustatbium
801 2564 831 2624 p.
852 2541 931 2623 723,
953 2543 1009 2610 16.Ι
1048 2507 1180 2608 Gratiae

161 2649 333 2714 habendae
363 2653 439 2712 sunt
466 2648 622 2732 librariis,
650 2647 704 2731 qui
732 2647 785 2712 hic
812 2649 951 2712 intactas
978 2651 1181 2734 reliquerunt

57 2759 59 2764 ’
163 2755 362 2821 masculinas
386 2755 510 2818 numeri
533 2755 636 2819 dualis
659 2753 794 2832 formae,
823 2775 904 2838 quas
931 2755 1121 2841 plerumque
1143 2757 1178 2822 in

159 2863 337 2928 femininae
352 2866 573 2947 corruperunt,
593 2862 631 2926 de
651 2884 714 2946 quo
731 2861 796 2924 dixi
816 2861 856 2926 ad
872 2861 948 2928 Oed.
964 2861 1032 2926 Col.
1049 2861 1178 2952 mad)

160 2969 361 3034 Scholiasta:
385 2967 439 3034 ἐπὶ
461 2980 529 3035 τῶν
551 2973 712 3052 θηλυκῶν
735 2979 804 3045 τοῖς
827 2967 1014 3051 ἀρσενικοῑς
1037 2970 1180 3053 ἄρθροις

160 3074 330 3158 κέχρηται,
355 3077 435 3157 ὅπερ
459 3077 607 3157 σύνηθες
619 3071 789 3152 Ἀττικοῖς·
811 3077 857 3140 τὼ
876 3086 965 3160 χεῖρε
983 3076 1046 3160 γάρ
1066 3097 1179 3162 φασιν.

158 3180 220 3249 καὶ
245 3179 387 3264 ’Όμηρος
416 3181 471 3269 (Ε,
497 3179 576 3269 778)
606 3183 661 3246 ‘ab
687 3179 724 3247 dt
751 3182 855 3265 βήτην
883 3185 1029 3268 τρήρωσι
1051 3185 1179 3250 πελειά-

158 3306 219 3355 σιν
244 3285 364 3373 ἴθμαθ’
392 3288 524 3373 ὁμοῖαιῖ

156 3453 290 3462 νο--ωυ-
313 3453 377 3458 ss·-

231 3551 257 3623 *)
276 3553 330 3608 Ubi
349 3553 478 3623 exempla
496 3554 595 3608 attulit
611 3553 741 3623 plurima,
761 3567 832 3619 quae
851 3551 961 3605 numeri
975 3550 1067 3605 dualis
1082 3553 1176 3606 termi-

157 3641 287 3698 nationis
306 3642 480 3698 masculinae
499 3661 579 3696 usum
597 3641 727 3712 probant.

216 3741 304 3784 Senon.
319 3753 344 3783 ια
359 3742 448 3784 Aescu.
463 3744 531 3781 Pnus.
546 3741 580 3780 ed.
595 3739 774 3780 Ddhnhardt.
996 3722 1016 3774 b
