2642 3872
549 175 588 226 ια
606 127 806 228 seon-815.
1117 171 1182 236 221

171 359 223 400 νει
254 335 293 400 V.
330 373 374 384 ·-
410 337 505 412 λίπος
536 335 576 401 V.
611 371 649 382 -
705 336 767 419 τὴν
793 337 959 401 Βοιωτίαν
987 331 1183 414 δἈσωπός.

172 445 274 526 φίλον
301 445 441 527 πίασμα]
470 438 652 528 προσφιλὲς
705 441 1183 528 πιἀσμαοἰντὶτοῦλίπασμα.-
1219 459 1221 462 ’

171 553 319 634 λίπασμα
330 549 366 615 G.
385 545 568 635 προσφιλὲς
581 559 652 625 τοῖς

172 654 276 721 ἐκεῖσε
299 659 440 740 πότισμα
464 655 533 722 BL.
560 693 596 702 -

170 1099 233 1164 809
272 1099 358 1164 ὅπου
394 1097 433 1163 V.
471 1135 514 1146 -
552 1102 649 1181 σφιν]

169 1205 283 1282 αὐτοῖς
329 1205 415 1270 ἰαίνει
458 1205 544 1290 quod
580 1216 650 1282 τοῖς

169 1313 350 1397 βαρβάροις
365 1311 404 1378 V.
420 1349 462 1358 -
481 1311 649 1396 περιμένει

169 1419 208 1482 V.
233 1457 275 1465 —
303 1418 368 1484 ὑπὸ
392 1428 459 1483 τῶν
478 1411 649 1502 Ἑλλήνων

168 1631 229 1714 τὴν
266 1629 303 1695 ἐν
336 1635 521 1708 Πλαταιαῖς
556 1634 648 1709 πεζο-
703 1631 767 1696 809
788 1632 850 1716 τὴν
869 1630 906 1696 ἐν
925 1637 1108 1710 Πλαταιαῖς
1125 1655 1181 1699 πε-

168 1741 289 1822 μαχίαν
314 1740 429 1821 φησίν,
460 1738 532 1820 ἥτις
558 1739 648 1822 παρὰ
704 1741 860 1826 ζομαχίαν
887 1743 1005 1824 φησίν,
1033 1740 1076 1825 ἣν
1099 1743 1182 1826 πρὸς

167 1855 234 1918 τῶν
245 1844 418 1908 Λακώνων
432 1842 560 1926 ἡττήθη
576 1841 648 1930 (λα-
702 1845 865 1923 Λάκωνας
898 1847 1104 1933 ἡσσήθησαν.
1139 1885 1179 1895 -

166 1953 276 2016 κόνων
304 1949 343 2035 L)
376 1970 478 2036 marg.
502 1949 572 2019 GL.
607 1987 644 1997 —

167 2058 301 2138 ἄποινα]
316 2067 383 2122 τῶν
398 2063 490 2122 θεῶν
505 2055 647 2140 *θηλον-

167 2167 217 2229 ότι
227 2164 267 2228 V.
284 2200 328 2210 —
350 2165 413 2229 811
429 2163 465 2228 οί
483 2163 646 2250 βάρβαροι

167 2271 207 2335 V.
227 2309 270 2317 -
290 2270 446 2347 ἐλθόντες
460 2269 500 2336 V.
519 2307 561 2318 -
581 2273 646 2337 812
701 2272 766 2336 812
790 2270 1037 2357 ἐνεπίμπρασαν
1057 2275 1121 2361 μὰρ
1140 2276 1180 2339 τὰ

165 2373 376 2463 *ᾐσχύνοντο
401 2377 441 2444 V.
467 2414 510 2424 -
539 2380 646 2442 καίειν
701 2377 780 2465 ίεροί.
807 2415 845 2426 -

166 2483 205 2550 V.
228 2522 272 2533 —
295 2487 374 2560 τοὺς
400 2486 504 2562 ναοὺς
528 2482 646 2572 (*τοὺς

160 2613 225 2686 ¹scr.
258 2592 315 2656 alt.
348 2587 403 2677 m.)
435 2590 474 2656 V.
506 2628 543 2638 -
579 2593 645 2658 813

165 2697 305 2780 ἀφανεῖς
328 2695 466 2762 VBGL.
490 2734 528 2743 -
553 2703 645 2762 θεῶν

164 2802 203 2868 V.
221 2841 259 2851 -
281 2807 440 2886 κτίσματα
455 2804 495 2868 V.
511 2841 555 2850 -
579 2806 644 2870 814

165 2909 402 2994 ὁμοῦλίΒΘΙι.
419 2947 457 2957 -
479 2910 545 2976 815
565 2911 645 2974 *διὰ
699 2913 764 2978 815
788 2912 922 2997 ὡραῖον.
948 2949 985 2960 -

163 3025 262 3082 τοῦτο
292 3015 462 3101 (διατοῦτο
491 3016 574 3100 eod.)
605 3017 644 3081 V.

164 3161 206 3170 —
230 3125 355 3210 ὡραῖον
383 3123 481 3208 praef.
507 3122 575 3188 GL.
599 3159 641 3170 -

162 3228 386 3315 *σμικρότερα
411 3229 511 3316 (quod
535 3247 642 3314 οσμι-

163 3338 225 3421 κρὰ
250 3361 270 3400 α
294 3359 342 3423 pr.
363 3360 405 3402 m.
428 3338 549 3421 scripto
573 3360 641 3402 mu·
700 3409 701 3416 ρ

162 3448 266 3508 tatum
303 3441 442 3530 videtur)
479 3455 546 3508 τῶν
582 3438 639 3510 ὑπ’

162 3549 273 3614 αὐτῶν
291 3549 532 3637 πεπραγμένων
545 3550 584 3616 V.
600 3589 640 3598 —
