2642 3872
578 125 736 180 SGHOLIA

215 871 280 934 242
291 893 338 954 sq.
384 873 507 954 πότερα
534 871 611 953 γὰρε
645 865 724 953 ἄρα,
748 873 847 953 φησί,
873 871 929 934 διὰ
951 881 1018 935 τῶν
1042 881 1164 954 χειρῶν

147 976 261 1052 αὐτοῖς
285 974 441 1061 ἐμπρέπει
462 975 482 1060 ἡ
502 978 585 1060 βολὴ
605 975 625 1060 ἡ
644 977 770 1060 τοξικής
795 973 869 1041 ἀντὶ
888 987 948 1042 τοῦ
969 971 1033 1060 ἆρα
1052 978 1164 1042 οἴδασι

146 1083 296 1160 τοξεύειν
325 1083 361 1147 ολ
387 1080 575 1165 Ἀθηναῖοις
609 1081 805 1164 ἀποκριθεὶς
833 1080 870 1149 δὲ
898 1083 916 1149 δ
939 1085 1037 1168 χορὸς
1060 1082 1164 1166 λέγει·

148 1189 303 1274 οὐδαμῶς
325 1188 404 1268 τόξα
427 1189 536 1256 ἕλκειν
559 1193 704 1274 οἴδασιν,
732 1193 810 1275 ἔγχη
839 1187 876 1255 δὲ
902 1191 1056 1255 σταδαῖα·
1088 1192 1165 1273 ἤτοι

124 1297 231 1381 ιξίφη
256 1298 407 1380 σταδαῖα,
431 1291 475 1362 δι’
495 1291 543 1363 ὧν
562 1299 731 1381 συστάδην
753 1295 808 1362 ιιαλ
828 1296 991 1383 έχεγηύως
1009 1295 1063 1362 καὶ
1082 1301 1164 1381 πλη-

148 1408 222 1468 σιόν
246 1406 417 1488 μάχονται.
454 1407 532 1481 τοὺς
555 1405 618 1490 γὰρ
643 1403 679 1470 έιι
703 1405 935 1488 διαστημάτων
955 1403 1164 1489 μαχομένους

146 1509 387 1595 κατηντέλιζον.

221 1673 235 1722 1
255 1665 392 1738 πρότερον
411 1667 464 1738 γὰρ
484 1667 508 1719 Η
528 1699 561 1707 -
581 1667 637 1737 ἄρα
652 1668 678 1721 Η
699 1699 730 1708 -
750 1675 765 1720 2
786 1668 879 1724 αὐτῶν
897 1666 1000 1738 πρέπει
1015 1669 1047 1736 V,
1067 1668 1164 1732 αὐτοῖς

146 1736 249 1809 τρέπει
268 1740 354 1810 vulgo
375 1771 406 1778 -=
429 1735 485 1810 ἆρα
504 1741 570 1793 ante
589 1741 684 1794 οἴδασι
703 1755 757 1794 om.
776 1739 861 1794 PVH
881 1772 913 1780 -—
933 1744 951 1792 4
970 1741 1064 1795 οἴδασι
1084 1739 1108 1792 V
1128 1771 1162 1780 —

148 1809 180 1864 δὲ
195 1827 249 1865 om.
264 1809 290 1863 Η
305 1841 338 1851 -
358 1816 374 1864 5
390 1809 562 1880 έχεηκιλωςν
581 1841 610 1850 -
631 1812 680 1865 καὶ
693 1813 813 1880 πλησίον
827 1812 917 1869 om.V
933 1842 966 1852 -
983 1819 998 1866 6
1014 1809 1126 1880 έχονται
1136 1811 1163 1863 V

209 2737 275 2802 244
320 2739 370 2814 τίς
393 2732 430 2800 δὲ
452 2737 641 2823 ποιμάνωρτ
669 2741 718 2814 τίς
742 2738 789 2821 δέ,
813 2741 926 2824 φησίν,
951 2737 1020 2804 έστλ
1042 2739 1161 2822 ποιμά-

146 2867 216 2926 νωρ
244 2845 318 2926 ἤτοι
348 2845 505 2928 βασιλεὺς
531 2853 592 2910 τοῦ
620 2855 779 2932 στρατοῦ,
811 2847 884 2928 ἤτοι
914 2855 974 2912 τοῦ
998 2851 1082 2910 λαοῦ
1105 2843 1161 2910 ιιαλ

145 2957 206 3012 τοῦ
230 2952 493 3034 στρατεύματος;Υ
511 2950 666 3037 ποιμένες
689 2953 753 3038 γὰρ
777 2952 812 3016 ολ
832 2956 980 3037 βασιλεῖς
998 2951 1161 3036 λέγονται.

147 3052 164 3118 ὁ
191 3051 227 3118 δέ
250 3057 350 3140 χορὸς
373 3055 568 3141 ἀποκριθεὶς
591 3058 693 3142 λέγει·
721 3059 800 3143 οὐχί
818 3082 911 3137 τινος
938 3060 1062 3146 ἀνδρὸς
1084 3059 1161 3125 ὀνο-

118 3161 302 3244 τμάζονται
325 3163 442 3228 δοῦλοι
466 3159 546 3230 οὐδὲ
568 3165 719 3250 ὑπήκοοι.

216 3325 232 3371 2
250 3327 300 3372 τοῦ
319 3327 437 3390 στρατοῦ
456 3318 519 3387 ἤτοι
538 3337 591 3376 om.
610 3321 786 3387 Ddflvulgo
813 3354 844 3363 -
868 3321 931 3390 ἤτοι
950 3332 999 3379 τοῦ
1018 3328 1087 3378 λαοῦ
1106 3323 1154 3377 καλ

143 3396 194 3443 τοῦ
213 3389 357 3460 στρατεύμ.
377 3406 431 3445 om.
447 3392 472 3444 V
492 3421 525 3432 -
544 3399 560 3446 5
580 3391 642 3447 οὐδ’
664 3392 817 3463 vulgoDd.‚
836 3395 887 3465 οὐχ
906 3395 933 3448 Η
