2632 3878
590 184 746 236 SOHOLIA

227 881 270 944 48
319 878 465 962 δίρρυμά
487 901 521 942 τε
545 875 599 942 καὶ
622 881 801 963 τρίρρυματ
830 879 932 944 εἰπὼν
960 885 1096 957 πολλοῖς
1118 882 1177 963 άμ-

160 1001 241 1070 μασι
259 987 338 1060 τοὺς
356 984 493 1060 Λυδοὺς
511 984 716 1068 ἐποχεῖσθαι,
735 986 948 1068 παρακατιὼν
970 987 1032 1070 τὴν
1055 985 1175 1070 ἅρματ-

159 1093 302 1175 ηλασίαν
329 1087 384 1154 καὶ
412 1088 448 1154 ἐκ
470 1091 584 1154 πόσων
608 1089 717 1155 ἵππων
740 1090 823 1155 αὐτά
847 1094 1025 1156 συνίστατο
1051 1091 1174 1175 ἐδήλω-

161 1216 231 1280 σεν,
256 1198 405 1280 εἰρηκώς·
428 1194 505 1279 τέλη
528 1193 583 1260 καὶ
606 1197 735 1280 ἅρματα
759 1195 903 1283 (δηλαδὴ
924 1197 1086 1282 ἐξορμῶσι
1108 1211 1178 1264 τῶν

135 1301 339 1391 τΣάρδεεον)
368 1301 533 1389 τέθριππα
559 1300 614 1368 καὶ
639 1301 789 1381 ἑξάιππα·
814 1303 834 1388 ἢ
857 1303 933 1389 τέλη
957 1305 996 1369 τά
1019 1305 1176 1388 τάγματα,

162 1412 199 1479 εἰι
221 1412 344 1478 τούτου
368 1407 405 1476 δὲ
427 1411 465 1475 τὸ
488 1415 620 1494 πλῆθος
642 1420 709 1474 τῶν
733 1410 842 1476 ἵππων
866 1412 971 1494 δηλοῖ.
1000 1467 1003 1472 ,

235 1568 399 1622 llemma
390 1586 421 1621 m
439 1567 550 1621 VH-
570 1568 769 1622 3οννίοταται
788 1567 861 1622 αὐτὰ
875 1567 910 1634 H,
930 1567 1031 1630 αὐτοὺς
1047 1568 1176 1622 σννίοτα-

163 1640 339 1696 σθαιλῖψ
367 1637 438 1707 αὐτη
457 1655 508 1708 pro
528 1637 601 1692 αὐτὰ
621 1639 754 1695 vict.-
783 1637 897 1707 4τέλη,
920 1639 1032 1709 άρματα
1058 1639 1178 1728 δηλαδη,

163 1708 299 1800 ἐξορμῶμι
316 1711 402 1778 vulgo
413 1710 479 1775 Dd
502 1709 551 1777 qui
574 1709 689 1798 quidem
707 1709 794 1764 καλ”
776 1729 887 1779 αρματα
905 1712 1089 1778 praebet-
1123 1717 1176 1778 5η

162 1780 226 1851 τέλη
246 1780 281 1836 τὰ
300 1797 354 1835 om.
374 1779 431 1834 VH
450 1811 484 1820 -
502 1783 569 1850 posh
587 1775 711 1847 ἕξάϊππα
731 1780 771 1833 sic
789 1781 963 1850 pergidea
983 1776 1014 1836 ἐκ
1028 1781 1129 1836 τούτου
1144 1781 1176 1837 δὲ

161 1863 218 1910 τῶν
245 1854 338 1908 ἳππων
365 1850 396 1905 τὸ
423 1854 534 1920 πλῆθος
561 1853 650 1921 δηλοι.
686 1849 704 1920 ἢ
727 1849 791 1920 τέλη
815 1851 850 1907 τδι
872 1851 1001 1923 τάγματα
1025 1850 1178 1922 ῥητέον--

165 1933 181 1982 6
200 1927 284 1994 δηλοῖ
298 1931 354 1979 τῶν
375 1923 468 1978 ἵππων
487 1922 512 1975 H

232 2103 288 2194 [48
333 2105 371 2168 τὸ
403 2101 497 2178 τέλος
530 2101 651 2188 ἕξαχῶς
685 2102 822 2186 λέγεται.
869 2107 1021 2187 σημαίνει
1049 2105 1113 2187 γάρ
1140 2106 1179 2169 τὸ

165 2211 401 2296 στρατιωτικὸν
425 2210 596 2293 σύνταγμα
620 2208 675 2274 καὶ
698 2211 734 2274 τὸ
758 2221 825 2274 τῶν
848 2211 1049 2296 πραγμάτων
1076 2209 1180 2294 πέρας

163 2317 219 2384 καὶ
236 2319 299 2402 την
317 2325 390 2392 ταῖς
408 2318 524 2381 πόλεσι
543 2326 714 2399 φοιτῶσαν
732 2317 904 2398 πρόσοδον
919 2315 1026 2382 καὶτὸ
1042 2316 1178 2401 ἀξίωμα,

165 2425 209 2502 ὡς
242 2422 431 2506 Εὐριπίδης
463 2420 576 2507 (immo
611 2421 709 2506 Soph.
737 2424 849 2507 Antig.
878 2445 907 2488 v.
935 2424 993 2509 67)
1025 2423 1110 2500 (τοῖς
1143 2423 1180 2489 ἐν

138 2530 251 2596 οτέλει
278 2531 402 2613 βεβῶσι
428 2526 626 2619 πείσομαιῖ,
654 2529 755 2611 δηλοῖ
781 2524 817 2593 δὲ
845 2526 901 2593 καὶ
928 2531 965 2596 τὸ
992 2531 1181 2615 δαπάνημα,

165 2639 210 2715 ὡς
232 2636 421 2724 Εὐριπίδης
439 2635 562 2719 εμάτην
590 2636 741 2700 εἰκοστὸν
762 2633 834 2700 τόδ’
857 2635 971 2720 ἐκβαίη
994 2636 1102 2714 τέλος’
1126 2636 1181 2703 καὶ

164 2746 226 2829 τὴν
254 2742 418 2827 μυστικὴν
440 2739 495 2806 καὶ
518 2741 605 2807 οὕτω
629 2743 835 2808 τελειοποιὸν
862 2741 991 2828 ἑορτήν,
1020 2745 1103 2810 ὅθεν
1126 2743 1181 2810 καὶ

166 2852 186 2936 ἡ
210 2851 322 2935 τελετὴ
347 2848 476 2934 λέγεται
499 2847 554 2914 καὶ
572 2854 742 2915 τελεῖσθαι
761 2851 797 2915 τὸ
817 2857 978 2933 μυεῖσθαι
996 2849 1051 2915 καὶ
1069 2853 1181 2916 τελού-

166 2982 262 3043 μενοι
274 2958 318 3023 .οί
332 2957 373 3022 τδ
387 2958 529 3041 μυστικά
550 2956 795 3041 διδασκόμενοι.
825 2953 940 3045 Q(vid.
950 2957 1011 3021 Dd.
1021 2981 1052 3042 p.
1062 2955 1117 3044 Χ).
1126 2957 1180 3038 V.]

238 3111 306 3170 ὃέκ
324 3123 379 3169 τῶν
397 3111 601 3180 πόλεονίη-
622 3113 887 3181 4εὐριπίδηλλ,-
907 3112 1087 3178 ’λτελοποιὰν
1103 3114 1127 3164 V
1146 3145 1180 3156 -

167 3193 184 3242 8
208 3185 421 3256 τελητὴλί-
456 3184 645 3255 τελειοάμενοι
671 3184 733 3249 QV,
761 3183 924 3270 τελούμενοι
951 3183 1184 3240 Eust.ad11.1(

166 3278 194 3330 p
211 3263 272 3326 789,
288 3263 330 3326 12,
348 3255 497 3310 Phavorin.
511 3257 564 3311 lex.
579 3275 605 3325 p
622 3260 673 3309 694
694 3273 715 3308 s.
730 3271 755 3307 v.
771 3252 856 3316 τέλος.

234 3436 278 3502 50
298 3458 367 3520 sqq.
424 3444 578 3501 στεῦνται
615 3430 646 3498 δ’
683 3433 788 3518 ίεροῦε
833 3435 1104 3524 διαβεβαιοῦνται
1146 3433 1183 3502 δὲ

239 3565 253 3612 1
273 3555 377 3612 lemma
391 3555 421 3610 in
435 3556 500 3624 VH,
519 3557 568 3611 sed
581 3555 691 3625 τμώλον
707 3555 770 3610 add.
786 3554 812 3607 H
828 3587 860 3596 -
878 3557 1098 3629 διαβεβαιῶνται
1112 3557 1137 3610 Η
1149 3589 1183 3598 -
