2632 3878
565 251 776 304 PRAEFATIO.
1099 251 1177 302 XXV

117 467 119 470 .
161 435 366 479 communem
386 413 566 495 constituit,
593 413 683 477 cuius
702 412 858 498 reliquiae
881 413 915 476 in
936 412 1071 478 scholiis
1090 413 1121 478 A
1145 417 1177 478 εὴ

161 519 198 586 Μ
229 525 378 585 servatae
411 525 527 584 essent.
574 521 620 584 At
653 541 726 584 cum
758 519 812 584 hic
843 520 877 583 in
906 519 1082 603 archetypo
1110 519 1176 584 fere

161 627 274 692 eadem
311 647 394 710 quae
430 628 465 690 in
496 626 532 691 M
562 625 663 691 fuisse
695 625 759 690 sibi
790 626 894 711 fingat
925 630 959 691 et
990 627 1114 692 scholia
1146 629 1177 692 A

161 734 310 798 doctrina
345 733 600 817 Byzantinorum
643 735 740 798 aucta
780 754 850 797 esse
892 714 1081 816 arbitretur,
1121 735 1177 798 ille
1211 807 1217 819 ,

162 839 286 904 scholia
317 839 349 904 A
380 841 560 926 integriora
592 844 712 904 censet.
768 839 856 917 Quae
894 841 1043 926 quamvis
1076 863 1176 926 prava

161 945 322 1010 interdum
352 947 430 1030 sint,
458 948 624 1012 continere
652 947 810 1031 optimam
838 949 985 1012 veterum
1017 969 1177 1033 gramma·

162 1054 301 1118 ticorum
326 1054 516 1120 doctrinam.
563 1053 623 1120 Oui
648 1077 751 1139 nuper
778 1053 982 1118 Wecklinius
1010 1053 1059 1136 (in
1082 1053 1176 1122 Bure.

162 1183 277 1226 comm.
298 1183 325 1224 a.
347 1161 446 1244 1892,
469 1185 498 1246 p.
521 1158 659 1248 192sq.)
687 1161 819 1226 brevius
853 1161 1052 1226 contradixit
1080 1185 1177 1246 quam

162 1271 200 1332 ut
224 1289 258 1332 se
281 1265 389 1352 ipsum
414 1268 608 1333 defenderet.
1172 1269 1174 1272 ’

233 1373 356 1439 Omitto
381 1374 559 1459 inquirere,
587 1375 664 1459 quid
688 1377 788 1458 recte,
819 1374 896 1460 quid
924 1397 1017 1440 secus
1046 1375 1087 1440 ab
1111 1374 1179 1438 illis

163 1481 350 1548 hominibus
374 1481 477 1547 doctis
500 1481 679 1546 iudicatum
704 1481 756 1546 sit.
800 1479 887 1546 Nam
910 1482 975 1546 nisi
999 1482 1108 1545 omnia
1126 1503 1179 1544 me

164 1589 294 1671 fallunt,
315 1610 376 1672 ope
395 1611 467 1654 cunr
488 1592 669 1654 ceterorum
688 1611 769 1674 quos
789 1587 924 1654 adhibui
943 1588 1088 1653 codicum
1107 1592 1178 1653 turn

164 1695 240 1760 libri
263 1694 295 1760 V
318 1697 409 1760 litem
434 1697 615 1762 discernere
638 1717 781 1780 possum.

231 1801 281 1867 Ac
303 1803 443 1886 primum
467 1803 597 1887 quidem
621 1803 718 1868 facile
744 1803 953 1888 cognoscitur
981 1803 1179 1887 glossemata

165 1911 383 1974 recentiorum
407 1911 565 1974 librorum
589 1910 629 1974 ad
652 1913 778 1974 textum
797 1907 942 1974 Mediceo
966 1909 1179 1974 vetustiorem

165 2016 395 2100 melioremque
436 2017 607 2101 pertinere.
667 2015 777 2082 Unum
819 2017 885 2080 iam
926 2014 1180 2080 commemoravi

166 2123 349 2204 exemplum
369 2121 544 2208 (p.XVlI):
569 2123 668 2206 gloss.
688 2122 808 2187 codicis
827 2119 933 2188 Par.B
953 2123 1064 2206 μωρὸς
1082 2142 1180 2204 super

164 2225 242 2304 νέος
256 2233 289 2292 εὴ
303 2229 398 2313 μωρὰ
412 2250 508 2313 super
526 2227 597 2312 νέα,
617 2250 700 2314 qnae
720 2227 760 2292 ad
780 2227 871 2304 ἐνεὸς
885 2233 918 2292 εὴ
932 2227 1008 2292 daed
1022 2231 1180 2312 spectant.

232 2335 345 2421 Neque
378 2337 484 2401 minus
516 2336 696 2401 notandum
731 2339 782 2400 est
813 2336 858 2422 gl.
881 2334 911 2400 V
935 2334 1020 2420 quod
1048 2351 1081 2401 v.
1107 2333 1177 2399 592

166 2463 262 2528 super
290 2442 447 2530 ἄρξονται
474 2444 606 2528 legitur:
638 2440 695 2508 καὶ
724 2441 970 2508 ὑποκλίνονται.
1016 2441 1116 2507 Vides
1141 2463 1178 2507 eo

165 2552 321 2635 explicari
348 2551 490 2634 ἅζονται,
521 2573 604 2636 quae
633 2554 684 2615 est
711 2551 897 2616 coniectura
928 2549 1053 2614 Halmii
1083 2548 1179 2636 (mue.

166 2657 267 2723 Rhen.
278 2658 340 2724 vol.
350 2656 469 2740 XXIII,
484 2681 515 2742 p.
530 2654 621 2746 295).
659 2657 750 2722 Idem
775 2657 953 2722 scholiasta
975 2657 1180 2741 Byzantinus

69 2832 71 2836 ,
167 2769 203 2830 ut
229 2765 335 2830 multa
366 2765 431 2828 alia
459 2765 621 2848 adhibuit,
648 2764 704 2828 sed
727 2765 828 2828 vertit
850 2763 885 2828 in
908 2763 1066 2846 futurum,
1094 2762 1179 2847 quod

166 2894 239 2937 cum
263 2871 372 2937 futuro
397 2871 553 2956 ἄρξονται
577 2871 748 2938 convenire
772 2873 912 2954 putaret.

209 2979 317 3044 ‘Tum
339 2997 372 3044 v.
398 2976 468 3042 316
491 2979 571 3042 haec
594 2979 628 3042 in
650 2977 685 3040 M
709 2979 831 3062 scripta
861 2980 949 3041 sunt:
987 2975 1076 3041 οἵτε
1099 2975 1181 3052 ναὸς

165 3085 203 3152 ἐκ
230 3095 307 3170 μιᾶς
328 3085 442 3169 πέσον,
466 3084 502 3150 oi‘
526 3107 561 3149 τε
590 3085 723 3149 excide
747 3087 909 3169 corrupto.
953 3081 993 3147 In
1015 3081 1046 3147 V
1070 3088 1179 3148 autern

166 3214 264 3276 super
291 3192 327 3257 οἵ
350 3215 388 3275 γε
416 3193 539 3276 pictum
563 3183 709 3256 videmur
737 3191 858 3267 οἵτινες
886 3184 989 3256 οὗτοι.
1030 3190 1179 3267 ,Quorum

166 3300 401 3382 glossematum
423 3300 486 3364 hoc
509 3302 636 3384 spectat
660 3300 700 3363 ad
725 3300 898 3383 genuinam
917 3298 1089 3362 lectionem
1109 3296 1180 3362 οἵδε

170 3403 226 3492 (cf.
245 3405 288 3490 gl.
308 3405 373 3471 312
391 3403 447 3470 καὶ
471 3401 565 3471 οὗτοι
588 3428 684 3490 super
708 3400 786 3490 οἵδ’,
808 3406 850 3490 gl.
870 3406 934 3471 347
958 3405 1061 3490 ταύτῃ
1086 3425 1182 3488 super

164 3513 256 3598 τῇδε,
283 3511 350 3578 sch.
369 3512 398 3578 A
418 3512 484 3578 265
508 3512 565 3578 ὅδε
587 3511 642 3577 καὶ
666 3507 774 3596 οὗτος,
803 3509 874 3600 al.),
901 3513 981 3576 illud
1009 3517 1085 3595 post
1113 3532 1181 3575 cor-

166 3619 332 3704 ruptelam
360 3624 466 3684 ortam
495 3619 639 3684 additum
668 3625 718 3684 est
746 3620 893 3704 exemplo
922 3621 964 3703 gl.
990 3619 1030 3684 18
1060 3617 1181 3689 οἵτινες
