2642 3872
135 180 200 246 124
333 131 337 141 Ι
562 182 720 237 εοΗοιαε

96 428 99 434 .
133 346 171 410 τὸ
196 347 381 430 μιμητικόν.
417 346 472 430 ὡς,
497 345 555 412 έδιν
579 346 615 411 οί
628 343 787 428 Ἓλληνες
810 343 988 431 φευξοίατο
1012 341 1066 409 καὶ
1087 345 1154 430 φύ-

134 468 218 536 γωσι
236 454 296 518 τὸν
314 453 467 519 θάνατον
490 455 550 520 τὸν
568 453 713 537 χαλεπὸν
731 451 886 536 εὑρόντες
904 452 981 517 τινὰ
1000 453 1154 536 δρασμὸν

120 557 191 624 Υκαὶ
214 561 328 645 φυγὴν
350 561 500 646 κρυφίως
523 548 583 624 διδ
602 569 670 624 τῶν
692 569 795 643 νηῶν,
823 568 925 624 πᾶσιν
953 555 995 642 ῆν
1021 561 1153 643 προκεί-

110 693 123 734 ι
137 689 241 751 μενον
263 675 321 750 τῆς
338 671 485 751 κεφαλῆς
502 670 750 751 στερίσκεσθαι·
773 665 922 731 τουτέστι
939 675 1042 731 πᾶσιν
1061 665 1154 748 ῆτιεί-

137 777 187 838 λει
214 785 284 850 τοῖς
310 780 464 860 ταχθεῖσι
491 770 569 857 παρ’
596 773 701 838 αὑτοῦ
729 771 872 856 φυλάξαι
895 775 974 848 τοὺς
988 768 1154 856 Ἕλληνας

138 883 370 965 στερίσκεσθαι
393 888 452 963 τῆς
475 883 634 962 κεφαλῆς,
667 878 727 944 ἐὰν
755 881 791 943 οί
806 860 968 962 ἝλληνεςΙ
990 881 1155 956 λαθόντες

138 985 337 1071 ἐκφύγωσιν.
366 987 492 1052 ἄτοκον
516 982 553 1050 δέ
572 985 719 1050 ἀπειλεῖν
737 987 887 1078 τοσούιφ
905 989 1030 1069 πλῆθει
1047 985 1155 1050 θοίνα-

137 1079 210 1158 τον.Ι
252 1093 386 1176 βέλτιον
414 1087 476 1158 οὖν
500 1094 605 1158 εἰπεῖν
627 1095 665 1158 τὸ
688 1093 809 1175 κρότος
831 1091 905 1157 ἀντὶ
927 1101 988 1157 τοῦ
1011 1091 1155 1178 κρότους

98 1228 125 1268 ιο
139 1201 221 1265 κατδι
239 1199 451 1282 ἀντίπτωσιν,
470 1194 515 1263 ἵν’
533 1195 553 1282 ἦ
573 1202 807 1283 στερίσκεσθαι
825 1209 885 1265 τοῦ
903 1199 1056 1285 κρότους,
1078 1200 1154 1282 ῆτοι

139 1315 198 1391 τῆς
219 1315 315 1391 τιμῆς
336 1304 392 1371 καὶ
415 1315 474 1390 τῆς
497 1305 607 1390 ἀρχῆς.

139 1454 155 1501 2
175 1447 245 1518 πρὸς
263 1463 314 1517 pro
334 1446 370 1509 ὡς
384 1446 411 1498 Η
429 1447 547 1514 -,φοεὸ
565 1445 616 1508 ὡςε
632 1453 719 1501 πᾶσιν
738 1439 774 1513 ἦν
794 1447 981 1516 προκείμενον
999 1445 1080 1514 ponit
1092 1444 1156 1516 Dd.,

139 1526 227 1573 πᾶσιν
245 1512 281 1588 ἦν
302 1559 307 1571 .
329 1560 335 1572 .
355 1518 552 1587 στερίσκεσθαι
569 1519 680 1586 ponunt
694 1517 758 1582 VH,
778 1518 826 1585 qui
844 1518 941 1571 tamen
959 1518 1157 1587 στερίσκεσθαι

138 1596 189 1658 τῆς
207 1593 333 1658 κεφαλῆς
351 1588 458 1642 habent
476 1619 509 1628 -
529 1587 648 1658 φύγοιεν
666 1587 812 1658 vulgoDd.
833 1620 866 1628 -
886 1596 901 1642 3
920 1588 970 1642 τὸν
990 1590 1056 1641 ante
1075 1591 1158 1658 χαλε-

140 1661 196 1715 πὸν
215 1677 270 1714 0m.
289 1661 315 1713 H
336 1691 368 1699 -
387 1660 547 1728 4κρυφίαν
565 1659 623 1713 VH
643 1691 676 1699 —
696 1667 768 1715 νεῶν
786 1659 839 1716 Dd.
860 1690 894 1700 -
914 1665 929 1714 6
948 1665 1055 1729 ταχοῐσι
1078 1659 1155 1712 Η-

141 1732 228 1786 αὸτοῦ
248 1729 348 1800 scripsi
366 1747 417 1799 pro
436 1731 523 1785 αὐτοῦ
542 1761 576 1771 -
594 1737 609 1786 ‘1
630 1730 767 1794 λαθόντες
782 1747 836 1788 οω.
851 1730 1005 1802 vulgoDd.‚
1024 1734 1058 1786 λα
1078 1727 1159 1792 ὄντες

140 1801 167 1855 Η
186 1833 220 1842 -
239 1807 256 1856 8
258 1801 407 1927 μτειλαῖο
424 1801 460 1869 Η,
479 1801 598 1871 ἀπειλὴν
617 1804 642 1856 V
661 1833 695 1843 -
720 1811 853 1858 τοσοῦτον
872 1803 898 1856 Η
922 1834 956 1844 -
982 1808 998 1856 9
1017 1821 1067 1857 τον
1086 1817 1157 1858 corr.

142 1889 157 1928 e
175 1881 240 1936 τοῦς
284 1886 287 1893 ’
531 1889 534 1896 ·
751 1905 753 1912 1

210 2053 275 2120 375
286 2075 356 2138 sqq.
400 2047 535 2118 τοσαῦτ’
561 2051 662 2131 ἒλεξεε
696 2056 1000 2138 τοσαῦτα,·φησίν,
1024 2049 1116 2119 εἶπεν
1137 2052 1183 2130 ’δ

134 2159 266 2246 ’Ξέρξης
297 2159 362 2226 ὑπὸ
395 2159 554 2237 ἀλαζόνος
581 2156 637 2224 καί
663 2158 867 2245 τερτομένης
895 2161 1045 2236 διανοίας
1073 2161 1158 2224 λίαν.

57 2317 59 2322 -
143 2267 185 2362 οὐ
208 2269 271 2351 γὰρ
295 2267 332 2331 τὸ
352 2265 475 2351 μέλλον
497 2265 667 2348 ῆτίστατο.
704 2268 743 2331 ολ
760 2265 808 2350 δέ,
832 2263 888 2332 ὑπ’
912 2267 1014 2332 αὐτὸν
1038 2267 1157 2350 δῆλον·

143 2377 210 2455 ότι,
239 2373 301 2439 οὐκ
328 2371 488 2454 ἀτάκτως,
517 2370 589 2437 ἀλλ’
613 2371 650 2438 έν
680 2373 815 2460 εύείκτφ
838 2371 893 2438 καὶ
915 2376 1080 2459 κειθηνίφ
1104 2377 1160 2438 λο-

117 2487 250 2567 εγισμῷ
284 2477 512 2563 ἐπορσύνοντο
544 2476 600 2544 καί
631 2479 869 2558 κατεσκεύαζον
896 2477 952 2545 καί
981 2479 1160 2564 ἡτοίμαζον

143 2588 298 2678 εὐωχίαν,
318 2585 374 2650 ἵνα
392 2596 526 2669 πρῶτον
544 2585 775 2670 εύωχηθῶσιν,
790 2581 855 2651 εἷθ’
875 2587 981 2664 οὕτως
999 2584 1160 2665 ἐξέλθωσι

143 2696 226 2777 πρὸς
262 2693 323 2777 τὴν
360 2695 557 2778 ναυμαχίαν.
619 2701 682 2770 τᾶς
718 2716 753 2757 τε
786 2693 871 2778 ἀνὴρ
907 2693 1063 2770 ναυτικὸς
1097 2693 1161 2776 τῆν

144 2802 327 2887 εὐήρετμον
350 2801 466 2884 κύτην
490 2797 667 2884 ἐδέσμευεν
691 2797 776 2886 ἀμφὶ
798 2801 858 2864 τὸν
882 2802 1030 2884 σκαλμὸν
1054 2799 1092 2865 έν
1113 2807 1160 2886 τῷ

145 2916 342 2994 τροτιωτῆρι.
375 2909 445 2972 ἔστι
468 2902 506 2972 δέ
530 2907 673 2992 σκαλμὸς
695 2908 735 2971 τὸ
759 2906 796 2972 έν
818 2914 864 2995 τῷ
883 2909 984 2991 χείλει
1004 2915 1060 2991 τῆς
1077 2906 1162 2982 νεὼς

105 3039 131 3078 ιο
146 3015 227 3094 ξύλα
250 3014 287 3080 έν
310 3005 361 3091 οἷς
384 3013 422 3078 αί
441 3023 548 3078 κῶπαι
571 3011 732 3095 δέδενται,
766 3013 941 3099 τροπωτὴρ
960 3010 998 3078 δὲ
1017 3013 1035 3078 ὁ
1054 3001 1163 3098 λῖθρος

126 3270 131 3278 ,
217 3204 359 3274 ΒύτἨ,
393 3202 423 3260 οί
438 3203 631 3275 ὑπ’νολςον
659 3236 693 3245 -
725 3205 903 3261 4εύέκτωλί
930 3237 963 3248 -
995 3203 1162 3276 'lpoiva

146 3308 180 3320 -
199 3285 256 3341 πᾶς
274 3275 306 3332 δὲ
325 3277 351 3330 V
371 3307 405 3317 -
429 3281 445 3330 8
465 3271 616 3346 ἐδέσμευεν
635 3293 689 3331 om.
703 3276 729 3330 V
746 3309 783 3317 —
806 3278 929 3348 σκαλμὸν
954 3278 1003 3332 καί
1025 3275 1057 3332 τὸ
1078 3276 1162 3343 ξύλον

146 3347 296 3418 vulgovfl
315 3379 347 3389 -
367 3353 384 3403 9
402 3354 559 3418 τροτωτῆρι
577 3346 627 3402 καί
644 3352 682 3421 τῷ
701 3347 779 3421 λόρφ
796 3348 943 3418 vulgovfl
962 3347 1044 3420 (λόγω
1058 3347 1094 3415 Η,
1112 3347 1163 3403 καὶ

146 3419 225 3491 χώρα
254 3417 418 3491 ουνεδέσμει
438 3419 481 3489 V).
520 3419 613 3474 Verba
639 3418 705 3474 inde
728 3421 765 3472 ab
788 3417 846 3474 ἔστι
874 3417 905 3474 δέ
930 3403 1051 3490 σκαλμδς
1073 3435 1165 3488 usque

146 3491 183 3544 ad
207 3491 291 3546 finem
314 3507 368 3546 om.
387 3489 504 3560 vulgoV
514 3489 552 3557 H,
580 3489 665 3559 vulgo
689 3489 818 3544 additum
841 3492 885 3544 est
908 3489 965 3546 sch.
984 3491 1026 3559 M,
1054 3506 1164 3546 οτοοε

147 3561 235 3624 ἄλλως
254 3561 392 3631 incipiens
412 3563 442 3616 ελ
458 3559 606 3632 τροπωτὴρ
624 3559 656 3616 δὲ
676 3560 691 3615 δ
709 3560 853 3630 δεσμεύων
872 3559 1014 3618 exhibens.
