2632 3878
567 290 778 343 PRAEFATIO.
1128 289 1181 342 VII

162 477 244 521 esse.
289 454 442 554 Proximo
467 475 551 520 anno
576 451 628 518 ‘de
648 451 836 518 Promethei
855 449 985 536 Septem
1005 451 1178 516 Persarum

162 561 319 648 Aeschyli
350 561 535 626 fabularum
567 559 731 626 codicibus
763 558 1010 624 recentioribus'
1039 557 1178 624 Adollus

162 669 326 734 Reuterus
350 668 612 733 dissertationem
635 666 759 752 publici
778 666 857 731 iuris
881 665 959 731 fecit
977 663 1180 754 (Cervimon

161 776 229 861 tii),
257 798 320 861 qua
346 775 508 840 Dindorfii
537 779 570 840 et
598 771 716 840 Sorofii
742 775 934 859 argumenta
961 773 1113 838 refellens
1141 796 1180 838 ex

164 883 276 948 eodem
297 882 473 968 archetypo
491 883 581 948 codd.
602 884 630 946 A
655 885 688 946 et
705 880 741 945 M
763 902 914 946 manasse
937 881 1181 947 demonstravit.

231 988 354 1054 Tamen
369 1013 467 1075 quam
481 1011 533 1054 res
548 991 671 1054 incerta
685 989 869 1052 etiamnunc
885 987 937 1072 sit,
951 987 1025 1053 inde
1036 993 1180 1074 apparet,

164 1095 249 1179 quod
265 1095 463 1162 Wecklinius
487 1118 591 1180 nuper
614 1095 648 1160 in
669 1095 771 1180 praef.
791 1095 866 1160 edit.
880 1093 1038 1179 Aeschyli
1051 1118 1083 1180 p.
1097 1093 1180 1160 VIII

163 1204 350 1268 declaravit:
379 1203 439 1268 ‘Dc
463 1225 528 1287 qua
550 1225 585 1267 re
608 1225 805 1287 quamquam
828 1203 925 1268 multi
947 1201 984 1266 in
1007 1207 1178 1287 utramque

162 1315 290 1394 partem
315 1311 563 1394 disputaverunt
586 1314 620 1374 et
646 1330 707 1394 ego
735 1310 810 1393 ipse·
834 1309 997 1392 quondam
1021 1305 1069 1397 (in
1093 1309 1179 1374 curis

164 1416 354 1502 Aeschyleis
376 1417 462 1483 1872
485 1413 594 1504 editis)
618 1415 801 1482 statuebam
822 1437 902 1500 esse,
926 1438 1009 1500 quae
1028 1438 1066 1480 ex
1084 1414 1178 1481 libris

163 1523 378 1590 deterioribus
415 1524 483 1609 peti
507 1527 654 1613 'possent
684 1524 719 1588 in
750 1523 835 1588 libro
868 1521 1012 1588 Mediceo
1046 1523 1177 1608 omissa,

161 1633 271 1696 temen
295 1631 331 1694 in
353 1631 421 1696 dics
444 1632 552 1717 magis
576 1632 617 1696 ab
640 1653 680 1696 ea
703 1630 857 1716 opinione
878 1629 1034 1695 deductus
1053 1652 1125 1694 sum
1144 1637 1178 1694 et

160 1741 325 1822 postremo
349 1760 422 1803 cum
445 1735 556 1803 omnia
579 1737 797 1823 perquirerem
824 1737 908 1802 nihil
937 1736 1062 1820 inveni,
1091 1736 1178 1822 quod

161 1844 341 1910 sentcntiae
366 1841 588 1931 Burgesianac
617 1845 853 1928 adversaretur,
885 1844 1064 1929 permulta,
1093 1866 1175 1928 quae

162 1952 426 2037 suffragarentur,
453 1951 597 2037 mihique
620 1951 777 2036 persuasi,
805 1952 891 2036 quod
918 1953 995 2036 post
1018 1949 1177 2016 Cobetum

160 2057 321 2142 imprimis
346 2058 531 2125 Dindorfius
556 2058 706 2142 obtinuit,
730 2079 841 2122 omnes
865 2059 967 2124 bonas
997 2062 1177 2124 ceterorum

159 2165 319 2230 librorum
343 2166 500 2232 lectiones
523 2187 541 2228 e
568 2165 656 2230 felici
678 2165 866 2229 coniectura
888 2165 1176 2249 grammaticorum

160 2273 352 2356 repetendas
381 2295 465 2357 esse,
495 2271 654 2357 siquidem
682 2271 773 2336 nulla
801 2276 864 2355 est,
893 2292 975 2355 quac
1003 2293 1070 2336 non
1099 2293 1177 2356 quo-

161 2379 240 2444 tidie
264 2401 284 2444 a
307 2381 422 2464 quovis
446 2379 661 2464 grammatico
685 2377 892 2444 mediocriter
915 2379 1011 2445 docto
1037 2380 1178 2446 inveniri

160 2485 287 2570 possit?

229 2591 391 2669 Quoniam
414 2593 514 2678 igitur
537 2593 669 2658 Iteuteri
697 2591 781 2658 ratio
808 2616 874 2659 non
900 2594 1017 2661 idonea
1041 2596 1176 2680 videtur,

160 2722 243 2786 quae
266 2700 345 2765 viris
365 2700 469 2766 doctis
488 2700 689 2785 persuadeat,
713 2699 811 2764 aliam
830 2700 1075 2786 ingrediendam
1094 2703 1177 2768 mihi

160 2829 232 2873 esse
254 2807 341 2873 viam
364 2807 518 2872 intellexi
908 2797 912 2804 Χ

228 2915 337 3000 Atque
380 2915 522 2999 primum
563 2915 694 3001 quidem
735 2916 964 2983 demonstrabo
1001 2914 1175 2981 Persarum

160 3022 290 3087 fabulae
332 3024 471 3108 textum,
508 3021 619 3108 squalis
655 3024 689 3088 in
730 3023 788 3089 illo
826 3025 895 3090 eod.
927 3021 1177 3090 Vindobonensi

160 3126 326 3215 (no.19l)
350 3134 452 3216 extet,
478 3152 545 3194 non
568 3153 585 3194 e
609 3134 700 3195 textu
723 3130 868 3198 Mediceo
894 3130 1092 3215 manavisse,
1122 3131 1176 3196 sed

159 3239 333 3321 utrumque
363 3259 382 3301 a
410 3237 571 3302 communi
599 3237 724 3323 origine
751 3238 933 3322 profectum
957 3259 1036 3304 esse.
1082 3228 1176 3314 Quod

161 3347 270 3408 autem
290 3346 470 3409 ceterorum
487 3365 613 3429 quoque
628 3343 1006 3411 codicum'recentiorum
1019 3345 1176 3412 lectiones

159 3450 297 3534 respexi,
320 3455 478 3535 quantum
502 3473 519 3515 e
542 3449 717 3516 Godofredi
735 3449 915 3516 Hermanni
939 3455 1176 3520 commentario

160 3561 255 3622 etex
278 3559 358 3622 meis
381 3556 611 3623 collationibus
635 3578 689 3621 eas
719 3557 872 3642 cognovi,
900 3558 1071 3641 apparebit
1094 3580 1174 3623 non-

159 3663 269 3728 nullos
297 3663 414 3749 libroS,
443 3664 562 3748 quippe
585 3663 640 3746 qui
669 3663 873 3727 consentiant
901 3683 973 3726 cum
996 3658 1105 3746 Vind„
1134 3683 1174 3724 ex
