2642 3872
154 149 219 214 258
585 153 743 206 SCHOLIA

155 309 206 378 ἑνὶ
224 314 362 403 πιτύλῳ,
381 315 488 399 ἤγουν
508 323 553 402 τῳ
568 315 708 404 θορύβῳ
723 324 781 399 τῆς
795 316 899 402 μάχης
913 314 968 382 καὶ
982 325 1020 402 τῇ
1035 325 1176 403 κραυγῇ.

126 419 360 506 svulgoDdN.

153 565 226 633 4293
247 560 340 616 om.V
365 593 397 601 -
425 566 463 634 τῷ
481 569 532 631 τῆς
554 560 644 632 μάχης
665 561 782 634 θορύβῳ
800 561 853 617 Dd.
878 593 912 602 -
939 561 1014 617 InO
1038 564 1173 617 secuntur

153 632 239 685 haec:
258 629 276 699 ἢ
296 637 346 707 μιᾷ
365 632 469 688 πτώσει
487 633 537 688 καλ
554 637 659 705 πληγῇ·
679 633 735 688 ἀπὸ
750 642 799 688 τοῦ
814 633 915 690 τύπτω.
939 632 989 688 καὶ
1002 633 1170 704 προεγράφη

154 697 185 758 έν
203 707 241 775 τῷ
261 703 382 778 δευτέρῳ
402 704 524 774 δράματι
543 704 619 775 (vide
639 704 727 760 schol.
743 705 818 774 Sept.
833 723 859 760 v.
875 710 926 759 856
941 704 1015 776 Dd.).
1039 737 1073 746 —
1098 706 1129 758 In
1147 706 1175 760 P

154 774 189 828 ad
208 775 363 846 ἀπαίρουσι
381 777 549 831 adnotatum
568 777 623 832 est:
643 798 685 847 γρ.
704 775 754 830 καὶ
773 777 951 847 ἀσπαίρουσι.

221 939 286 1003 982
298 961 366 1023 sqq.
395 933 459 1023 ἆρα
481 937 619 1003 καὶτὸν
643 938 824 1022 ὀφθαλμὸν
846 941 906 1004 τὸν
930 941 992 1005 σὸν
1009 940 1069 1004 τὸν
1088 940 1171 1004 κατά

151 1044 260 1110 πάντα
295 1047 425 1128 πιστὸν,
458 1046 518 1110 τὸν
552 1045 747 1130 πεμπαστὴν
782 1043 837 1110 καλ
875 1045 1065 1130 σἰριθμιγτὴυ
1101 1057 1170 1110 τῶν

153 1156 295 1235 Περσῶν
323 1153 425 1237 μυρία
453 1154 556 1236 μυρία
580 1151 684 1216 αὐτοῦ
708 1155 831 1235 ἔλιπες,
858 1155 944 1218 ἔνθα
966 1149 1022 1218 καὶ
1045 1153 1081 1218 οί
1101 1158 1172 1218 λοι-

151 1260 223 1337 ποί;
251 1253 339 1335 τινές
367 1254 405 1322 δέ
431 1256 487 1323 καλ
513 1259 573 1323 τὸν
601 1257 782 1343 ὀφθαλμὸν
809 1269 876 1323 τῶν
905 1264 1050 1344 Περσῶν
1077 1277 1171 1342 φασι.

124 1365 346 1449 τπεμπαστὴν
388 1361 425 1430 δέ
464 1365 645 1450 ὀφθαλμὸν
681 1364 786 1448 λέγει,
828 1367 915 1431 διότι
952 1366 970 1432 ὁ
1007 1365 1173 1450 βασιλέως

151 1471 329 1556 ὀφθαλμὸς
352 1470 489 1559 άριθμελ
516 1473 557 1537 τά
585 1473 812 1557 στρατεύματα
843 1470 1011 1557 (πεμπάζοι
1039 1474 1102 1557 γάρ
1130 1474 1171 1538 τὸ

152 1578 298 1665 ἀριθμῶ,
320 1581 444 1664 κυρίως
467 1576 505 1644 δέ
523 1579 560 1643 τὸ
579 1580 662 1644 κατὰ
680 1577 778 1644 πέντε
796 1577 893 1644 πέντε
912 1591 1045 1664 μετρεῖν
1064 1582 1170 1664 μυρία

150 1683 281 1772 μυρία)·
313 1686 387 1768 ἤτοι
419 1691 583 1771 μετρητὴν
612 1684 839 1770 στρατοπέδου
868 1683 974 1751 οίονελ
1002 1687 1171 1771 μυριάδας

151 1792 362 1878 άριδμοῦντα
391 1792 470 1868 ὅλας
497 1789 552 1857 καὶ
577 1792 774 1877 ἡγεμονείας
797 1789 895 1876 <καλ>
918 1794 1000 1858 κατὰ
1023 1793 1169 1857 πεντάδα

112 1924 138 1964 10
152 1899 259 1983 <άυδι>
284 1901 425 1985 μυρίους
447 1901 583 1983 ἔχοντας
604 1901 684 1976 τοὺς
712 1897 927 1984 ἀρχομένους.
969 1899 1004 1965 οί
1024 1904 1169 1984 Περσῶν

152 2005 190 2072 δέ
217 2011 364 2092 βασιλεῖς
390 2001 482 2091 εἶχον
511 2007 573 2071 δύο
600 2007 695 2083 τινδις
722 1998 772 2082 οἷς
799 2004 980 2090 ἐπέτρεπον
1011 2007 1073 2089 τὴν
1099 2015 1170 2071 τῶν

151 2125 277 2179 κοινῶν
300 2113 505 2200 έπιτύρησιυ,
529 2111 588 2189 οὓς
611 2110 774 2199 βασιλέως
796 2111 939 2178 έκάλουυ
963 2112 1170 2197 ὀφθαλμούς.

151 2219 358 2306 vulgoDd.V.

224 2366 238 2413 1
257 2358 307 2414 τὸν
326 2361 392 2413 ποτε
411 2359 484 2414 κατὰ
503 2375 556 2414 om.
572 2359 597 2412 V
611 2389 645 2399 -
665 2365 681 2413 3
706 2359 824 2413 alterum
848 2359 935 2428 μυρία
952 2357 1038 2427 vulgo
1059 2374 1112 2412 om.
1132 2389 1167 2398 -

151 2437 235 2500 4sqq.
252 2427 328 2493 τινὲς
350 2427 382 2484 δέ
401 2431 451 2485 τὸν
475 2430 627 2501 ὀφθαλμὸν
645 2431 745 2485 πιστὸν
768 2427 887 2498 λέγουσι,
907 2427 979 2484 διύιι
998 2428 1013 2484 ὁ
1033 2430 1095 2500 βασ.
1110 2432 1168 2484 κτλ.

150 2499 278 2571 νοΙςοΟ,
306 2500 381 2564 τινές
408 2502 440 2556 δὲ
468 2500 567 2565 οὕτως·
596 2497 653 2572 άρα
680 2500 730 2555 καλ
752 2497 894 2555 Ἄλπιστον
921 2500 971 2555 τὸν
998 2502 1089 2554 παῖδα
1116 2508 1169 2554 τοῦ

150 2573 321 2644 Βατανώχου
348 2573 398 2627 τὸν
421 2573 495 2628 κατὰ
517 2571 612 2628 πάντα
634 2572 734 2627 πιστὸν
757 2571 909 2642 ὀφθαλμὸν
932 2572 981 2626 τὸν
1005 2573 1091 2641 μυρία
1118 2571 1169 2626 καὶ

151 2647 267 2716 μυρίους
285 2643 450 2714 πεμπαστὴν
469 2643 518 2698 καὶ
536 2639 705 2714 ἐπιμελητήν
720 2660 778 2698 σου.
810 2643 888 2698 ἄλλοι
903 2640 934 2698 δέ
949 2642 999 2697 τὸν
1014 2641 1168 2712 ὀφθαλμὸν

149 2716 250 2772 πιστὸν
268 2713 391 2786 λέγουσι,
415 2713 488 2770 διότι
506 2714 521 2769 ύ
541 2717 602 2788 βασ.
617 2719 674 2770 κτλ.
688 2713 742 2770 Dd.
757 2731 790 2769 ex
804 2715 840 2780 P;
864 2713 965 2784 scripsi
984 2731 1047 2767 cum
1066 2712 1099 2785 V,
1119 2715 1168 2782 qui

150 2787 294 2857 quidem(
314 2829 320 2841 .
340 2788 366 2856 5)
390 2787 489 2842 πιστὸν
512 2803 562 2855 pro
583 2784 750 2857 πεμπαστὴν
773 2785 888 2840 exhibet
915 2815 949 2825 —
978 2792 992 2840 7
1013 2786 1115 2852 κυρίως
1133 2782 1166 2839 δὲ

149 2859 182 2914 τὸ
209 2857 283 2913 κατὰ
309 2857 437 2913 πεντάδα
464 2859 600 2928 ἀριθμεῖν
628 2855 716 2913 οἱονεὶ
743 2856 795 2911 Dd.
820 2860 849 2912 et
870 2855 970 2926 vulgo,
998 2855 1048 2910 ubi
1071 2859 1168 2909 tamen

150 2931 264 3000 ἀριθμῶ
288 2961 323 2970 -
346 2930 517 3000 8μετρητὸν
536 2927 763 3000 στρατόπεδονλί
787 2960 819 2968 -
849 2931 864 2980 9
884 2927 1112 2998 άριθμοῦντεςν
1131 2956 1167 2966 -

150 2999 290 3072 ἡγεμόνας
309 3001 334 3053 V
358 3033 391 3041 —
415 3000 488 3055 κατὰ
510 2999 638 3056 πεντάδα
654 3044 660 3056 .
676 3043 681 3055 .
697 2996 871 3070 ἀρχομένους
894 3016 947 3053 om.
967 2997 1112 3066 vulgoDd.
1131 3028 1167 3038 —

152 3078 185 3126 10
203 3072 292 3127 verba
311 3069 341 3126 ολ
357 3074 474 3143 Περσῶν
493 3069 525 3128 δέ
544 3076 600 3128 κτλ.
621 3072 724 3136 desunt
741 3074 771 3125 in
791 3070 870 3124 OPV
895 3099 929 3110 -
960 3077 990 3124 11
1014 3067 1045 3124 δὲ
1065 3069 1167 3138 scripsi

149 3159 200 3214 pro
221 3143 275 3215 νὰς

218 3288 280 3354 991
294 3311 363 3373 sqq.
405 3289 504 3372 ίυγγά
530 3312 600 3372 μοιε
632 3260 732 3354 τούτό
759 3302 865 3371 φησιν
893 3285 911 3352 ὁ
934 3283 1058 3371 Ξέρξης
1082 3285 1167 3367 πρὸς

149 3397 209 3461 τὸν
245 3397 359 3480 χορόν,
396 3394 447 3460 ὅτι
480 3401 578 3478 ίυγγα
610 3392 665 3460 καλ
698 3395 815 3477 φιλίαν
847 3389 902 3458 καὶ
934 3391 1063 3476 ἡδονὴν
1097 3401 1166 3455 τῶν

221 3541 237 3589 2
257 3532 300 3589 ὅτι
319 3532 402 3604 ίυγγά
421 3553 468 3605 μοι
486 3533 535 3588 καλ
554 3533 640 3603 φιλὴν
659 3534 685 3587 Η
704 3563 738 3574 -
